4076 6414
386 383 518 451 116⁸1

1643 381 1926 441 THEOD-
1975 380 2373 445 BALSAMON

3497 392 3633 460 1168

378 503 540 551 erunt
578 493 765 549 Patres
814 492 1129 548 necessario
1180 483 1514 547 reddendum
1568 492 1823 560 pretium,
1859 491 1945 542 ad.

2055 490 2350 544 ἀναλαϐεῖν
2398 493 2458 546 τὸ
2513 492 2685 549 δοθέν.
2722 495 2930 562 Λύσις.
2962 496 3035 549 Οὐ
3089 496 3413 570 διωρίσαντο
3448 505 3496 558 οἱ
3527 507 3633 561 Πα-

379 604 572 642 νιτειιε
612 589 810 640 dictam
845 587 1054 655 legem;
1091 585 1217 647 imo,
1255 583 1300 637 si
1326 583 1586 636 attentius
1616 582 1759 650 legas
1787 595 1954 634 cano.

380 688 530 734 nem,
567 673 811 726 invenies
845 687 939 726 eos
972 672 1268 739 negavisse
1303 669 1462 740 pretii
1496 667 1787 723 redditum.
1817 667 1952 721 Cum

379 766 523 819 enim
582 764 632 818 id
672 764 919 834 episcopi
971 763 1182 834 judicio
1235 762 1583 831 reliquerint,
1642 760 1949 829 benigniori

376 857 538 908 etiam
574 857 782 911 ratione
827 857 1110 921 dixerunt,
1144 855 1289 924 quod
1335 871 1495 908 verus
1540 855 1770 908 antistes
1801 860 1854 906 et
1883 852 1948 907 ad

377 948 632 1002 Ecclesia:
679 949 1091 1004 indemnitatem
1132 947 1409 1016 respiciet.
1460 956 1512 1001 et
1547 947 1614 1000 ad
1664 947 1951 1016 emptoris,

377 1048 428 1091 et
467 1040 609 1108 quod
635 1040 689 1092 ei
725 1055 938 1109 {equum
972 1039 1175 1094 bonum
1225 1039 1515 1102 videbitur,
1549 1037 1806 1109 quodque
1840 1053 1950 1092 non

375 1132 446 1184 sit
485 1131 987 1196 comlemnandum,
1024 1131 1205 1185 faciet.
1253 1130 1407 1196 Quod
1453 1131 1499 1185 si
1537 1131 1590 1184 id
1634 1146 1740 1184 non
1777 1131 1834 1184 fit
1863 1145 1953 1186 ac-

376 1234 566 1278 ruralc
589 1231 642 1277 et
671 1232 882 1286 exacte,
915 1223 1013 1278 visi
1048 1231 1175 1278 sunt
1203 1222 1577 1292 pronuntiare,
1615 1237 1722 1276 non
1750 1220 1953 1276 habere

370 1323 674 1382 emptorem
706 1313 979 1377 enicacem
1007 1313 1297 1376 actionem,
1329 1322 1382 1367 et
1408 1323 1631 1382 prepter
1659 1327 1721 1367 ea
1748 1312 1951 1367 debere

371 1406 548 1474 ipsum
604 1406 926 1470 admonere,
978 1420 1086 1460 non
1147 1414 1326 1460 autem
1381 1419 1559 1474 agere.
1608 1403 1746 1474 Lege
1788 1403 1951 1456 etiam

372 1507 535 1566 captu
569 1497 596 1551 Δ
642 1498 889 1566 epistolae
920 1497 1093 1551 sancti
1145 1495 1330 1567 Cyrilli
1373 1497 1439 1550 ad
1481 1497 1782 1561 Domuum;
1822 1493 1955 1548 Car-

377 1589 717 1657 thaginensis
761 1587 956 1658 synodi
1003 1603 1267 1643 canonetn
1327 1587 1419 1653 26,
1467 1587 1698 1644 Nicmna':
1753 1587 1951 1660 synodi

379 1680 635 1734 secunda:
663 1694 926 1736 canonem
976 1680 1352 1747 12;similiter
1381 1688 1645 1736 eteorum
1682 1681 1949 1750 interpreo

377 1782 631 1826 ιτιιιοηεε.
909 1797 942 1832 ο

2059 580 2215 650 τέρες
2259 581 2319 645 ἐξ
2360 583 2606 653 ἀνάγκης
2644 585 3094 655 ἀντιστρέφεσθαι
3125 588 3184 641 τὸ
3212 591 3432 661 τίμημα
3472 597 3636 647 ὑπεν-

2059 671 2260 736 αντίως
2334 674 2410 745 τῷ
2452 675 2671 746 ῥηθέντι
2723 678 2909 731 κανόνι
2945 691 2960 709 ο
3019 679 3156 733 ἀλλὰ
3209 681 3412 750 μᾶλλον
3453 684 3480 736 ὁ
3513 688 3636 739 ἐπι-

2061 763 2462 834 στατικώτερον
2536 767 2926 834 ἀναγινώσκων
2985 768 3078 822 τὸν
3141 770 3347 824 κανόνα
3409 772 3635 845 εὑρήσει

2060 855 2284 920 τούτους
2331 858 2747 929 ἀρνησαμένους
2770 859 2868 931 τὴν
2894 862 3258 932 ἀντιστροφὴν
3312 865 3408 917 τοῦ
3466 868 3637 936 τιμή-

2067 965 2257 1017 ματος.
2299 951 2456 1004 Ἐπεὶ
2483 951 2593 1022 γὰρ
2615 954 2767 1021 παρά
2791 957 2854 1023 τῇ
2897 955 3234 1026 ἐπισκοπικῇ
3269 957 3638 1026 διακρίσειτά

2061 1040 2191 1110 περὶ
2225 1040 2415 1095 τούτου
2458 1043 2735 1111 ἀνέθεντο,
2773 1045 2916 1098 κατά
2976 1045 3134 1114 λόγον
3183 1051 3637 1120 συμπαθέστερον

2060 1129 2155 1184 καὶ
2188 1125 2342 1185 εἷπον
2375 1131 2450 1195 ὡς
2509 1133 2716 1204 ἀληθὴς
2774 1135 3063 1206 ἀρχιερεὺς
3099 1138 3193 1190 καὶ
3246 1139 3384 1208 πρὸς
3437 1141 3498 1193 τὸ
3534 1142 3637 1212 τῆς

2073 1223 2401 1294 Ἐκκλησίας
2465 1224 2770 1294 ἀποϐλέψει
2827 1227 3084 1299 ἀζήμιον,
3131 1230 3227 1283 καὶ
3271 1231 3409 1302 πρὸς
3442 1233 3504 1286 τὸ
3538 1234 3636 1288 τοῦ

2060 1317 2453 1387 ἀγοράσαντος,
2492 1318 2585 1370 καὶ
2623 1319 2836 1389 ποιήσει
2865 1320 2925 1373 τὸ
2958 1321 3120 1387 δόξαν
3169 1321 3320 1391 αὑτῷ
3361 1325 3630 1392 ἀγαθοθε-

2061 1404 2152 1466 λές
2183 1406 2278 1457 καὶ
2312 1405 2769 1474 ἀκατάγνωστον.
2807 1408 2926 1461 Κᾶν
2954 1409 3028 1479 μὴ
3055 1411 3283 1478 ἀκριϐές
3314 1413 3486 1476 ἐστιν,
3517 1413 3634 1467 ἐδο-

2063 1493 2159 1557 ξαν
2183 1493 2586 1564 ἀποφαίνεσθαι
2622 1497 2696 1566 μὴ
2725 1495 2872 1566 ἔχειν
2907 1497 3210 1568 ἐνδύναμον
3254 1499 3480 1573 ἀγωγὴν
3541 1502 3634 1554 τὸν

2060 1588 2376 1657 ἤγορακότα
2405 1588 2539 1658 (80),
2569 1590 2664 1642 καὶ
2696 1589 2784 1642 διὰ
2814 1590 2972 1642 τοῦτο
3028 1591 3268 1660 ὀφείλειν
3308 1592 3472 1644 αὐτὸν
3525 1609 3599 1644 πα
3648 1622 3654 1627 -

2063 1679 2324 1748 ρἀκαλεῖν
2350 1681 2443 1732 καὶ
2472 1680 2546 1750 μὴ
2569 1682 2810 1748 ἐνάγειν.
2839 1681 3183 1750 Ἀνάγνωσον
3213 1682 3310 1736 καὶ
3336 1682 3638 1750 κεφάλαιον

2060 1767 2101 1821 δ’
2128 1769 2224 1839 τῆς
2269 1770 2406 1841 πρὸς
2444 1775 2649 1843 Δόμνον
2681 1774 2969 1845 ἐπιστολῆς
2999 1774 3092 1827 τοῦ
3133 1775 3287 1846 ἁγίου
3333 1775 3632 1845 Κυρίλλου,

370 1865 472 1948 τῆς
513 1867 569 1918 ἐν
601 1865 934 1937 Καρθαγένῃ
971 1865 1190 1920 συνόδου
1215 1865 1414 1920 κανόνα
1469 1870 1564 1932 κς¹
1595 1864 1686 1916 καὶ
1729 1862 1828 1932 τῆς
1872 1863 1931 1914 ἐν
1961 1861 2164 1934 Νικαίᾳ
2220 1864 2441 1918 συνόδου
2518 1865 2580 1920 τὸ
2631 1864 2885 1937 δεύτερον
2939 1867 3142 1925 κανόνα
3207 1866 3309 1940 ιβ’,
3370 1868 3638 1929 ὡσαύτως

369 1961 462 2010 καὶ
491 1958 587 2020 τὰς
618 1958 915 2027 ἑρμηνείας
947 1958 1175 2013 τούτων.

441 2051 692 2108 ZONAR.
739 2051 797 2107 Si
849 2068 958 2123 quo
1007 2063 1248 2124 tempore
1290 2054 1523 2112 ecclesia
1559 2067 1663 2109 suo
1696 2053 1945 2124 episcopo

2128 2048 2374 2103 ΖΩΝΑΡ.
2418 2047 2547 2102 Ἐὰν
2579 2047 2654 2120 μὴ
2681 2049 2836 2113 ὄντος
2858 2049 3160 2102 ἐπισκόπου
3213 2048 3623 2119 ἐκποιήσωνταί

367 2144 634 2198 destituta
686 2152 791 2208 est,
838 2146 1214 2200 necessariam
1271 2143 1412 2200 forte
1463 2144 1532 2202 ob
1583 2158 1830 2211 causam,
1880 2159 1947 2198 ex

370 2233 738 2290 immobilibus
763 2234 883 2303 ejus
911 2233 1065 2290 bonis
1089 2237 1269 2290 clerus
1297 2233 1575 2306 quidpiam
1626 2233 1945 2288 alienaverit

367 2327 599 2394 (clerum
626 2326 894 2398 siquidem
919 2327 1370 2398 presbyterorum
1404 2325 1625 2382 nomine
1655 2340 1830 2381 canon
1857 2327 1943 2381 ln-

368 2419 581 2488 telligil,
626 2435 927 2489 eorumque
964 2422 1308 2490 potissimum
1333 2457 1348 2482 ,
1382 2419 1528 2489 quod
1577 2418 1629 2472 in
1675 2416 1943 2491 superiori

370 2511 565 2565 ordine
618 2510 870 2565 collocati
927 2511 1069 2576 sint,
1119 2509 1421 2581 meminit),
1462 2511 1513 2564 id
1548 2507 1792 2564 Ecclesia
1844 2522 1944 2562 suo

370 2607 494 2673 jure
537 2615 804 2676 repetere,
855 2605 940 2670 vel
983 2605 1144 2660 etiam
1184 2607 1470 2676 episc0pus
1508 2604 1727 2674 poterit.
1773 2603 1942 2673 Cujus

367 2699 587 2766 quidem
646 2697 870 2767 judicio,
926 2696 1266 2751 reddendum
1334 2697 1404 2752 sit
1459 2710 1633 2751 necne
1687 2695 1940 2764 pretium,

304 2841 310 2854 ι
369 2789 608 2857 permitti
658 2788 857 2859 placet.
911 2785 1056 2842 Fieri
1091 2788 1239 2857 enim
1275 2795 1485 2856 potest,
1538 2795 1596 2841 ut
1644 2801 1772 2854 ager
1803 2785 1944 2840 forte

365 2881 662 2935 admodum
719 2879 920 2936 fertilis
967 2895 1162 2950 magno
1195 2881 1368 2951 pretio
1400 2878 1632 2949 emptori
1677 2879 1747 2933 sit
1790 2877 1944 2932 addi-

371 2983 514 3028 t‘ltls.
565 2970 1010 3042 Carthaginensis
1041 2985 1169 3025 vero
1206 2972 1399 3043 synodi
1445 2985 1620 3024 canon
1665 2967 1735 3022 26
1771 2967 1943 3022 infru-

367 3067 590 3114 ctuosas
612 3060 1014 3128 possessiones,
1047 3060 1092 3116 si
1121 3059 1424 3114 necessitas
1451 3069 1663 3130 urgeat,
1689 3057 1783 3114 sed
1815 3073 1941 3114 cum

367 3149 548 3219 aliquo
582 3149 635 3203 id
667 3164 884 3220 quoque
913 3149 1252 3214 discrimine,
1289 3151 1512 3206 alienari
1545 3150 1696 3205 sinit.

371 3237 596 3296 ARIST.
647 3258 664 3291 ι
725 3237 782 3294 Si
835 3240 1143 3311 presbyteri
1191 3241 1470 3312 quippiam
1520 3239 1588 3294 ad
1643 3239 1942 3296 Ecclesiam

446 3350 464 3384 ι
494 3330 770 3400 pertinens
800 3331 1168 3396 vendiderint,
1198 3332 1410 3385 irritum
1439 3331 1532 3395 sit,
1551 3338 1609 3388 et
1637 3345 1801 3400 penes
1828 3331 1943 3400 epi-

445 3441 465 3472 ‹
505 3422 653 3490 scopi
693 3420 960 3489 judicium
989 3431 1225 3477 maneat.
1270 3440 1288 3472 ι

435 3509 563 3564 Vita
600 3509 789 3564 functo
818 3511 1098 3580 episcopo,
1134 3510 1392 3567 Ecclesiae
1430 3511 1569 3566 bona
1606 3510 1892 3564 imminuta
1915 3524 1944 3563 a

366 3600 583 3658 clericis
611 3599 876 3654 custodiri
904 3597 1126 3655 debent.
1155 3597 1252 3654 Vel
1279 3599 1325 3654 si
1357 3599 1488 3654 nulli
1521 3599 1632 3655 sint
1669 3599 1880 3661 clerici,
1915 3613 1944 3651 a

371 3693 808 3762 metropolitano,
835 3703 914 3747 ~ut
956 3693 1139 3746 omnia
1171 3691 1426 3762 episeopo
1453 3693 1544 3763 qui
1581 3703 1768 3762 postea
1798 3690 1946 3746 ordi—

371 3791 533 3841 natus
555 3783 682 3846 erit,
713 3782 1030 3847 reddantur,
1064 3789 1116 3836 et
1140 3796 1316 3854 neque
1343 3797 1372 3836 a
1404 3780 1822 3850 metropolitano
1851 3795 1945 3835 ne-

371 3889 537 3944 que-a
569 3873 786 3929 clericis
811 3873 868 3928 in
910 3887 1070 3929 suum
1107 3873 1451 3927 commodum
1488 3886 1680 3926 eorum
1733 3870 1942 3942 aliquid

370 3967 615 4021 converti
662 3975 755 4019 aut
787 3964 1016 4030 auferri,
1047 3978 1149 4018 nec
1188 3962 1486 4021 Ecclesiam
1529 3964 1625 4021 diu
1659 3971 1966 4018 vacantem~

252 4090 277 4110 ο
373 4074 596 4113 manere
640 4065 875 4128 oportet,
909 4057 1002 4112 sed
1053 4057 1196 4111 intra
1232 4064 1343 4111 tres
1383 4070 1597 4112 menses
1627 4057 1941 4127 episcopum

370 4148 652 4215 ordinari;
689 4147 792 4201 nisi
831 4146 1056 4201 forsitan
1096 4145 1448 4200 inexorabilis
1483 4147 1669 4216 aliqua
1698 4147 1941 4201 necessi-

374 4252 458 4294 tas
489 4249 701 4309 tempus
735 4238 953 4293 extendi
977 4237 1145 4312 392
1178 4237 1388 4292 fecerit.
1421 4235 1475 4291 Si
1507 4237 1636 4307 quid
1669 4237 1852 4308 itaque
1875 4255 1941 4297 ex

372 4333 628 4388 Ecclesia:
656 4331 816 4386 bonis
845 4339 1090 4399 tempore
1115 4329 1443 4384 intermedio
1467 4329 1650 4384 clerici
1681 4331 1942 4396 vendant,

373 4438 484 4494 quo
538 4423 778 4477 Ecclesia
840 4425 1100 4492 episeopo
1152 4427 1332 4480 vacat,
1389 4420 1661 4473 infirmum
1712 4421 1837 4484 erit,
1891 4428 1946 4474 et

373 4528 541 4582 penes
585 4511 828 4581 episcopi
875 4517 1203 4580 potestatem
1255 4507 1381 4570 erit,
1434 4516 1529 4561 aut
1577 4506 1943 4562 venditionem

370 4614 635 4670 evertere,
680 4603 969 4672 ipsumque
1013 4601 1216 4654 bonum
1266 4600 1533 4667 recipere,
1566 4610 1658 4653 aut
1699 4613 1764 4654 ea
1808 4613 1944 4654 con-

375 4706 582 4749 lentum
634 4707 779 4756 esse,
833 4699 888 4746 et
923 4691 1172 4761 Epretium
1227 4689 1375 4744 illius
1425 4690 1709 4758 accipere;
1760 4703 1943 4761 quazre

374 4785 568 4856 synodi
603 4783 1071 4840 Chalcedonensis
1107 4795 1374 4836 canonem
1404 4782 1743 4844 tricesimum
1778 4784 1942 4853 quin-

373 4887 512 4932 tum.

947 5143 1176 5201 CANON
1217 5144 1359 5201 XVI.

380 5258 402 5293 ι
446 5238 519 5296 De
564 5239 650 5306 iis,
684 5239 775 5308 qui
823 5239 1051 5295 rationis
1095 5240 1336 5310 expertia
1383 5239 1639 5296 animalia
1685 5239 1942 5306 inierunt,

454 5350 472 5383 ι
509 5330 592 5388 vel
624 5331 833 5396 ineunt,
865 5332 1200 5402 quicunque,
1227 5332 1378 5401 prius
1408 5347 1572 5401 quam
1601 5331 1790 5400 viginti
1819 5331 1942 5400 qui-

2049 2158 2176 2194 τινα
2206 2139 2315 2194 τῶν
2367 2139 2738 2209 διαφερόντων
2799 2140 3071 2212 ἀκινήτων
3126 2142 3192 2210 τῇ
3238 2139 3540 2211 Ἐκκλησία
3582 2142 3632 2193 οἱ

2049 2233 2146 2286 τοῦ
2175 2231 2399 2302 κλήρου,
2452 2232 2541 2284 διά
2571 2248 2695 2286 τινα
2723 2234 2856 2295 ῐσως
2914 2233 3349 2301 κατεπείγουσαν
3404 2233 3630 2302 χρείανο
3670 2281 3684 2302 ,

2049 2322 2135 2376 διὰ
2165 2323 2273 2394 γάρ
2313 2322 2423 2376 τῶν
2489 2323 2877 2394 πρεσϐυτέρων
2926 2323 3019 2377 τὸν
3069 2324 3272 2394 κλῆρον
3329 2323 3551 2395 ᾐνίξατο
3603 2325 3634 2376 ὁ

2051 2415 2254 2478 κανὼν,
2291 2415 2558 2486 μνησθεὶς
2595 2415 2778 2470 αὐτῶν
2812 2417 2874 2471 τὸ
2911 2415 3182 2488 ὑπερέχον
3227 2415 3321 2468 τοῦ
3371 2415 3586 2487 βαθμοῦ
3612 2430 3628 2446 ’

2049 2507 2438 2561 ἀνακαλεῖσθαι
2495 2507 2668 2560 ταῦτα
2719 2508 2942 2562 δύναται
2999 2509 3033 2578 ἡ
3083 2507 3408 2578 Ἐκκλησία,
3445 2508 3565 2580 ἥτοι
3602 2509 3633 2564 ὁ

2049 2597 2372 2660 ἐπίσκοπος.
2428 2590 2503 2650 Οὗ
2540 2601 2603 2668 τῇ
2641 2598 2822 2668 κρίσει
2859 2598 3178 2670 ἀνατίθησιν
3210 2601 3237 2652 ό
3269 2597 3450 2654 κανὼν
3479 2598 3632 2653 δοκι-

2053 2689 2224 2758 μάσαι
2252 2689 2299 2740 εί
2329 2692 2436 2759 χρὴ
2464 2689 2903 2760 ἀντιστραφῆναι
2932 2690 2992 2743 τὸ
3018 2692 3255 2764 τίμημα,
3281 2691 3314 2762 ἢ
3345 2693 3442 2764 μή.
3468 2687 3634 2756 Ἴσως

2049 2783 2156 2852 γὰρ
2188 2782 2513 2853 εὐπρόσοδον
2535 2781 2597 2835 ὃν
2645 2783 2706 2836 τὸ
2748 2783 3004 2853 ἀκίνητον
3059 2787 3492 2856 περιεποιήσατο
3548 2787 3631 2857 τῷ

2050 2875 2328 2944 ἀγοραστῇ
2364 2872 2586 2926 πλείονα
2617 2873 2714 2944 τὴν
2756 2877 2949 2944 τιμήν.
2991 2873 3053 2928 '0
3085 2876 3139 2929 δέ
3169 2876 3266 2947 τῆς
3293 2879 3350 2929 ἐν
3397 2877 3627 2948 Καρθαο

2047 2966 2180 3038 γένῃ
2215 2965 2433 3018 συνόδου
2466 2966 2709 3029 εἰκοστὸς
2743 2966 2906 3031 ἕκτος
2956 2968 3135 3021 κανὼν
3179 2968 3458 3039 ἀπρόσοδα
3497 2969 3627 3022 ἀκί-

2048 3074 2183 3127 νητα
2250 3055 2468 3111 δίδωσιν
2531 3058 2896 3121 ἐκποιεῖσθαι,
2945 3059 3197 3130 ἀνάγκης
3243 3059 3625 3130 ἐπικειμένης,

2047 3149 2186 3202 ἀλλά
2223 3150 2318 3202 καὶ
2350 3149 2420 3202 τά
2448 3149 2677 3203 τοιαῦτα
2719 3150 2857 3221 μετά
2901 3151 3239 3217 διαστίξεως.

2048 3239 2274 3294 ΑΡΙΣΤ.
2353 3259 2373 3292 ι
2424 3225 2550 3294 Ἐάν
2601 3226 2655 3294 τὶ
2715 3244 2815 3311 τῆς
2864 3241 3198 3312 Ἐκκλησίας
3258 3243 3627 3315 πρεσϐύτεροι

2127 3347 2146 3380 ι
2179 3329 2553 3396 διαπράσοιεν,
2597 3331 2739 3384 ἐστω
2797 3331 3076 3399 ἀϐέϐαιον,
3149 3334 3244 3387 καὶ
3298 3337 3507 3404 μενέτω
3556 3337 3626 3406 τῇ

2127 3439 2146 3471 ι
2184 3423 2366 3490 κρίσει
2390 3420 2482 3473 τοῦ
2517 3421 2845 3476 ἐπισκόπου.

2119 3511 2564 3583 Τελευτήεαντος
2623 3513 2930 3566 ἐπισκόπου
3005 3514 3072 3568 τά
3122 3499 3224 3587 τῆς
3296 3515 3627 3586 Ἐκκλησίας

2047 3604 2348 3675 πράγματα
2370 3603 2615 3672 ἀμείωτα
2644 3605 2922 3675 ὀφείλουσι
2945 3605 3310 3674 φυλάττεσθαι
3340 3607 3490 3680 παρά
3515 3609 3626 3663 τῶν

2045 3693 2324 3764 κληρικῶν
2346 3710 2359 3724 ·
2393 3694 2425 3764 ἢ
2457 3693 2739 3764 κληρικῶν
2781 3696 2858 3767 μὴ
2893 3697 3162 3762 ὑπόντων,
3193 3697 3345 3769 παρά
3381 3699 3477 3754 τοῦ
3515 3717 3624 3773 μη-

2043 3785 2364 3856 τροπολίτου
2383 3801 2396 3816 ·
2433 3785 2575 3839 ὥστε
2607 3789 2790 3841 πάντα
2818 3788 3150 3858 ἀποδοθῆναι
3179 3788 3258 3858 τῷ
3313 3807 3626 3862 χειροτονηρ

2046 3877 2331 3948 θησομένῳ
2358 3878 2664 3948 ἐπισκόπῳ,
2705 3878 2798 3931 καὶ
2827 3878 2964 3948 μήτε
2999 3879 3151 3947 παρά
3195 3881 3288 3934 τιῦ
3337 3899 3622 3952 μητροπο·

2044 3965 2272 4036 λίτου,ἢ
2301 3967 2410 4019 τῶν
2450 3965 2731 4037 κληρικῶν
2789 3966 3211 4038 σφετερίζεσθαι
3255 3963 3332 4038 τι,
3383 3971 3416 4042 ἢ
3459 3973 3627 4042 ἀφαι-

2048 4057 2264 4129 ρεῖσθαι
2293 4057 2536 4110 τούτων’
2575 4059 2714 4127 μήτε
2747 4058 2854 4126 μὴν
2901 4057 2999 4128 τὴν
3027 4058 3375 4129 χηρεύουσαν
3422 4063 3626 4130 ἐκκλη-

2047 4147 2171 4198 σίαν
2203 4147 2297 4199 ἐπὶ
2314 4145 2456 4200 πολὺ
2493 4147 2864 4200 ἀνεπισκοπον
2899 4148 3117 4218 μένειν·
3166 4149 3286 4202 ἀλλ’
3331 4151 3482 4217 ἐντὸς
3519 4170 3627 4224 μη-

2045 4236 2153 4290 νῶν
2176 4235 2341 4307 τριῶν
2367 4277 2382 4301 ,
2410 4235 2508 4299 τὰς
2532 4237 2866 4306 χειροτονίας
2892 4235 3000 4290 τῶν
3015 4239 3329 4294 ἐπισκόπων
3354 4240 3620 4308 γίνεσθαιν

2048 4325 2098 4383 εἰ
2134 4325 2208 4400 μή
2242 4324 2346 4382 πού
2377 4342 2460 4389 τις
2490 4325 2870 4394 ἀπαραίτητος
2895 4327 3112 4397 ἀνάγκη
3144 4328 3235 4380 τὸν
3269 4330 3462 4400 καιρὸν
3497 4333 3623 4385 ἐπι-

2044 4415 2276 4486 ταθῆναι
2304 4417 2736 4486 παρασκευάσει.
2767 4417 2833 4470 Et
2853 4433 2904 4470 τι
2928 4415 3020 4471 οὖν
3043 4418 3153 4472 τῶν
3167 4419 3260 4488 τῆς
3293 4419 3625 4492 Ἐκκλησίας

2048 4505 2396 4576 πραγμάτων
2425 4507 2484 4563 ἐν
2511 4505 2588 4576 τῷ
2632 4505 2836 4575 μεταξὺ
2887 4507 2982 4561 τοῦ
3036 4508 3232 4580 καιροῦ
3281 4511 3328 4563 oi
3369 4511 3624 4583 κληρικοὶ

2045 4596 2414 4666 διαπράσωσι,
2451 4597 2577 4652 καθ’
2600 4596 2667 4650 .ὃν
2689 4597 2992 4653 ἐπισκόπου
3020 4599 3052 4670 ἡ
3083 4597 3351 4669 ἐκκλησία
3373 4601 3621 4672 χηρεύει·

2047 4686 2200 4738 ἐσται
2231 4685 2508 4752 ἀϐέϐαιον,
2523 4687 2618 4739 καὶ
2653 4684 2806 4754 παρὰ
2834 4689 2897 4756 τῇ
2921 4683 3110 4758 ξουσίᾳ
3138 4687 3232 4742 τοῦ
3289 4689 3625 4745 Ἐπισκόπου

2049 4778 2294 4831 κείσεται
2323 4777 2354 4846 ἢ
2387 4777 2488 4845 τὴν
2515 4777 2722 4845 πρᾶσιν
2753 4775 3080 4845 ἀνατρέψαι,
3111 4778 3207 4834 καὶ
3255 4781 3626 4836 ἐπαναλαϐεῖν

2047 4869 2109 4922 τὸ
2138 4868 2390 4938 πρᾶγμα,
2419 4867 2453 4937 ἢ
2488 4865 2712 4938 στέρξαι
2763 4865 2991 4936 ταύτην,
3040 4868 3134 4922 καὶ
3183 4871 3482 4924 ἀπολαϐεῖν
3521 4872 3623 4942 τὴν

2049 4961 2238 5030 τιμήν.
2291 4961 2450 5030 Ζήτει
2511 4960 2611 5031 τῆς
2666 4959 2724 5012 ἐν
2785 4957 3090 5029 Χαλκηδόνι
3149 4961 3367 5022 συνόδου
3418 4964 3625 5023 κανόνα

2049 5050 2144 5105 λε’.

2645 5150 2888 5207 ΚΑΝΩΝ
2919 5155 3035 5220 ΚΓ.

2057 5256 2076 5291 ι
2117 5239 2254 5310 Περὶ
2312 5240 2422 5297 τῶν
2485 5242 2938 5316 ἀλογευσαμένων
2969 5285 2984 5312 ,
3042 5244 3076 5316 ἢ
3127 5244 3224 5298 καὶ
3284 5243 3624 5314 ἀλογευομέ-

2132 5348 2152 5383 ι
2195 5347 2300 5386 νων
2331 5332 2470 5405 (8|),
2505 5335 2621 5390 ὅσοι
2651 5339 2782 5408 πρὶν
2809 5337 3141 5402 εἰκοσαετεῐς
3163 5325 3419 5406 γενέσθαι
3434 5338 3625 5410 ἦμαρρ

1619 5465 1807 5529 Guill.
1834 5465 2154 5543 Beveregii
2186 5474 2375 5528 notas.

447 5596 559 5666 (80)
619 5589 879 5668 Ἀγωγὴν
926 5596 1034 5650 τεν
1071 5594 1430 5668 ήγορακότα.
1506 5591 1564 5648 In
1640 5591 1941 5668 Paris-iensi

375 5664 713 5720 Balsamonis
760 5664 1016 5732 editione,
1048 5681 1149 5721 nec
1201 5680 1310 5718 non
1370 5666 1422 5718 in
1481 5679 1615 5718 mss.
1671 5664 1940 5718 Amet-ba-

374 5738 574 5788 clniano
605 5745 659 5788 et
687 5735 1020 5800 IEtouiensi,
1046 5744 1170 5804 post
1192 5735 1311 5788 haec
1341 5733 1506 5804 verba
1542 5734 1764 5788 additur
1795 5734 1939 5787 κατά

330 5840 334 5844 -
372 5807 472 5874 τῆς
504 5805 798 5875 ἐκκλησίας
827 5803 1074 5860 adversus
1110 5806 1399 5859 ecclesiam.
1428 5803 1584 5868 Quod
1615 5805 1778 5859 etiam
1807 5818 1933 5858 sen-

2051 5594 2135 5649 sui
2167 5593 2546 5648 necessarium
2578 5594 2820 5650 videtur.

2121 5663 2402 5740 (8011891
2427 5665 2544 5740 τῶν
2565 5665 3074 5740 ἀλογευσᾳμένων
3104 5666 3235 5737 ἤτοι
3262 5669 3628 5740 ἁλογευομέν

2049 5732 2537 5810 εξωόζςῡὶυῃχεὶιιε-
2564 5732 2807 5810 Exiguus
2839 5732 2954 5792 ιιὼο
3001 5732 3165 5810 verba
3208 5732 3623 5810 interpretatur,

2048 5805 2124 5858 De
2152 5806 2231 5856 Itis
2263 5805 2350 5871 qui
2383 5805 2824 5861 irrationabiliter
2852 5809 3046 5862 versati
3070 5819 3193 5863 sunt
3216 5851 3231 5873 ,
3263 5805 3369 5864 sivé
3413 5805 3630 5865 versari;
