4076 6414
332 351 484 443 ἨΠ

1397 371 1476 431 ΙΝ
1516 364 1680 429 CAN.
1718 352 1911 426 XVIII
1958 361 2167 424 CONC.
2210 351 2458 423 ANCYR

3459 331 3600 399 1178

346 485 571 542 ΔΡΙΣΤ.
621 505 640 538 ι
700 485 758 538 Ὀ
778 484 978 554 λεπρὸς
1002 482 1460 551 ἀλογευσάμενος,
1511 478 1661 550 ﬁxa!
1695 471 1909 545 λεπρώ-
1938 472 1957 528 1

2061 472 2242 529 RiS‘l‘.
2286 490 2304 522 ι
2353 469 2628 537 Leprosus
2675 461 2766 531 qui
2828 454 3034 512 bestias
3094 449 3239 514 iniit,
3294 445 3378 502 vel
3427 444 3592 500 etiam

419 598 439 632 σ
484 594 602 643 σας,
638 579 750 640 τοῖς
773 575 1196 647 χειμαζομένοις
1228 572 1567 642 συνεύχοιτο.
1612 589 1630 621 ι

429 753 646 824 Ἐπειδὴ
677 752 991 822 ἀκάθαρτος
1023 748 1140 823 ἦνό
1180 750 1380 821 λεπρὸς
1417 751 1475 802 ἐν
1515 746 1592 816 τῷ
1643 747 1794 815 νόμῳ
1845 745 1925 814 τῷ

349 844 442 932 τοῦ
474 845 739 908 Μωσέως,
762 843 903 897 κατὰ
930 843 1088 896 τοῦτο
1128 843 1224 896 καὶ
1265 845 1292 894 ὁ
1347 839 1528 894 κανὼν
1565 838 1654 892 τὸν
1700 837 1927 903 ἀλογευ-

353 928 584 1016 σάμενον
614 928 690 998 ὡς
719 934 1031 1006 ἀκάθαρτον
1061 933 1428 1002 κατονομάζει
1471 930 1692 1000 λεπρόν.
1732 928 1926 982 Βούλε-

349 1047 441 1082 ται
467 1024 560 1082 οὖν
583 1029 709 1091 τοὺς
737 1027 1016 1090 τοιούτους
1041 1028 1168 1090 τοὺς
1199 1029 1256 1080 ὲν
1283 1026 1500 1094 γυναιξὶ
1525 1023 1679 1094 παρὰ
1737 1021 1921 1091 φύσιν,

348 1121 382 1190 ἢ
420 1121 476 1172 ἐν
505 1119 753 1191 ἄρρεσιν,
778 1119 811 1189 ἢ
836 1119 892 1171 ὲν
921 1119 1139 1187 ἀλόγοις
1172 1118 1272 1187 τὴν
1315 1116 1580 1187 αἰσχύνην
1625 1115 1927 1186 ἐργαζομέ-

350 1227 494 1272 νους,
527 1212 622 1263 καὶ
650 1209 1039 1278 λεπρώσαντας
1081 1209 1328 1274 ἑαυτοὺς,
1369 1205 1526 1278 ἢκαὶ
1573 1207 1782 1278 ἑτέροις
1826 1206 1927 1278 τῆς

350 1303 557 1364 οίκείας
590 1301 918 1368 μεταδόντας
946 1301 1311 1372 ἀκαθαρσίας,
1342 1300 1416 1365 ὡς
1445 1299 1771 1369 κατακόρως
1791 1315 1927 1370 χρη-

353 1395 622 1464 σαμένους
643 1395 721 1464 τῷ
751 1392 934 1459 πάθει,
976 1392 1241 1464 μετὰτῶν
1278 1389 1696 1462 χειμαζομένων
1737 1385 1926 1440 συνεύ-

351 1486 560 1574 χεσθαι.
595 1485 999 1555 Χειμαζόμενοι
1034 1483 1092 1536 δέ
1117 1484 1246 1546 είσι,
1271 1482 1412 1536 κατὰ
1439 1481 1530 1534 τὸν
1588 1478 1762 1548 μέγαν
1815 1477 1929 1529 Ato-

351 1575 552 1642 νύσιον,
611 1578 788 1631 οῑὺπὸ
808 1576 1120 1646 πνεύματος
1169 1573 1408 1644 πονηροῦ
1452 1571 1835 1641 κατεχόμενοι,
1874 1567 1925 1620 οἳ

354 1667 495 1736 μετὰ
522 1666 630 1721 τῶν
663 1667 872 1722 πιστῶν
913 1667 975 1720 ού
1012 1664 1416 1737 συνεχωροῦντο
1465 1661 1742 1734 εὔχεσθαι,
1794 1658 1928 1713 ἀλλὰ

351 1761 556 1824 τόπους
583 1757 730 1832 εἶχον
747 1761 1188 1835 ἀφωρισμένους,
1222 1758 1320 1813 καὶ
1349 1756 1585 1830 ηὔχοντο
1618 1759 1676 1810 ιν
1717 1756 1923 1817 αὐτοῖς.

2102 585 2121 617 ς
2161 566 2308 634 lepra
2351 557 2541 615 infecit
2567 596 2584 623 ,
2627 569 2752 610 eum
2803 545 3231 606 hibernantibus
3283 549 3582 607 comprecer

2106 675 2124 708 ι
2169 667 2273 710 tur.
2317 673 2334 704 ι

2098 747 2549 818 Quandoquidem
2595 737 2910 796 immundus
2949 743 3068 790 erat
3115 733 3170 787 in
3206 730 3324 799 lege
3357 724 3594 780 Mosaica

2028 847 2298 916 leprosus,
2333 842 2537 897 idcirco
2579 851 2753 893 canon
2792 847 2916 889 eum
2951 831 3042 900 qui
3070 829 3314 903 iumenta
3365 821 3510 884 iniit,
3541 824 3602 871 ut

2028 937 2371 995 immundum
2393 941 2551 988 vocat
2571 931 2868 1000 leprosum.
2892 922 3020 976 Vult
3040 923 3218 990 itaque
3242 899 3336 973 eos
3361 915 3599 983 quicum

2030 1028 2352 1086 mulieribus
2376 1031 2570 1093 praeter
2602 1029 2875 1079 naturam,
2909 1022 3004 1068 aut
3033 1027 3158 1067 cum
3193 1006 3472 1069 masculis,
3505 1009 3599 1056 aut

2029 1139 2154 1180 cum
2197 1119 2385 1176 bestiis
2431 1111 2823 1182 turpitudinem
2865 1105 3280 1162 commiserunt,
3305 1111 3472 1167 seque
3515 1095 3600 1149 ie-

2028 1229 2223 1288 prosos
2279 1209 2653 1270 reddiderunt,
2683 1210 2738 1256 et
2782 1199 2905 1256 aliis
2959 1197 3025 1250 de
3067 1210 3166 1250 sua
3215 1189 3603 1259 impertiuntur

2032 1301 2398 1368 immunditia,
2427 1307 2487 1354 ut
2508 1293 2796 1352 Immodice
2814 1296 3027 1344 utentes
3052 1284 3327 1356 passione,
3357 1294 3480 1334 cum
3519 1276 3605 1330 lli-‘-

2029 1395 2384 1455 bernautibus
2446 1385 2808 1459 comprecari.
2849 1381 3212 1435 Hibernantes
3246 1381 3427 1426 autem
3472 1374 3603 1424 sunt

2032 1488 2333 1546 secundum
2367 1493 2625 1552 magnum
2678 1472 2997 1544 Dionysium
3027 1468 3118 1538 qui
3152 1481 3182 1520 a
3212 1462 3410 1532 spiritu
3439 1471 3606 1529 pravo

2030 1588 2322 1642 vexantur,
2365 1576 2458 1646 qui
2503 1586 2628 1628 cum
2683 1565 2934 1621 ﬁdelibus
2968 1574 3126 1615 orare
3170 1570 3275 1610 non
3325 1549 3637 1622 permittes

2031 1675 2251 1735 bantur,
2302 1640 2397 1724 sed
2455 1663 2574 1720 loca
2634 1658 2908 1714 habebant
2961 1651 3275 1722 praescripta
3323 1653 3378 1700 et
3433 1643 3488 1698 in
3539 1640 3608 1694 iis

2034 1778 2226 1836 preces
2259 1757 2629 1815 effundebant.
2675 1751 2868 1817 Quaere
2902 1743 3089 1800 Basilii
3139 1737 3318 1809 magni
3365 1745 3608 1788 canones

354 1854 516 1924 Ζήτει
564 1815 669 1907 τού
719 1815 1291 1925 μεγάλ.ου.Βασιλείου
1357 1815 1558 1906 κανόνα
1591 1849 1673 1920 ξβ*
1715 1849 1808 1902 καὶ
1838 1815 1928 1912 ἐξ·

2053 1857 2100 1910 ςε
2142 1861 2196 1908 et
2239 1853 2328 1914 65.
2361 1856 2414 1906 et
2442 1847 2512 1902 ob
2543 1842 2788 1901 eamdem
2832 1835 3110 1892 lasciviam
3147 1839 3337 1899 punias
3367 1822 3608 1877 minores

351 1946 584 2015 ηκοστὸν
627 1947 814 2017 τρίτον
845 1961 861 1977 ·
915 1946 1010 2000 καὶ
1053 1947 1306 2017 εὑρήσεις
1368 1943 1463 1997 ἐπὶ
1520 1942 1631 1996 τῶν
1665 1939 1928 1995 τοιούτων

355 2039 657 2109 ἁσελγειῶν
681 2041 882 2112 ἥττονα
912 2040 981 2094 τὰ
1013 2040 1290 2109 ἐπιτίμια.

935 2123 1314 2188 KANoNtHz

367 2224 486 2278 ιΕί
526 2242 674 2288 τινες
723 2226 1014 2281 ἐπίσκοποι.
1050 2227 1512 2294 κατασταθέντες,
1555 2227 1648 2281 καὶ
1706 2225 1780 2299 μὴ
1843 2219 1932 2279 δε-

442 2335 462 2370 ¢
504 2317 728 2389 χθέντες
758 2320 862 2374 ὑπὸ
888 2319 985 2390 τῆς
1012 2321 1303 2392 παροικίας
1343 2319 1554 2390 ἐκείνης
1585 2320 1664 2383 είς
1694 2321 1761 2390 ἣν
1796 2317 1936 2372 ὠνο-

437 2429 456 2462 ‹
497 2411 809 2481 μάσθησσιν,
846 2411 1066 2482 ἑτέραις
1130 2411 1408 2482 βούλοιντο
1478 2410 1795 2481 παροικίαις
1839 2411 1935 2463 ἐπα

440 2519 458 2554 ι
500 2502 663 2568 ιέναι,
690 2503 783 2557 καὶ
817 2501 1102 2574 βιάζεσθαι
1126 2504 1252 2567 τοὺς
1273 2503 1648 2568 καθεστῶτας,
1679 2504 1773 2556 καὶ
1805 2502 1938 2555 στά-

442 2615 460 2649 ι
505 2613 620 2658 σεις
645 2599 815 2650 κινεῖν
870 2598 992 2650 κατ’
1020 2597 1236 2664 αὐτῶν,
1267 2597 1503 2660 τούτους
1552 2595 1935 2668 ἀφορίζεσθαι.

445 2698 465 2744 'c
519 2689 644 2743 Ἐὰν
704 2690 888 2760 μέντοι
956 2689 1230 2760 βούλοιντο
1289 2690 1370 2753 είς
1435 2687 1496 2740 τὸ
1549 2687 1941 2760 πρεσϐυτέριον

447 2801 465 2835 ι
506 2758 862 2848 καθέζεσθαι,
890 2758 1021 2836 ἔνθα
1049 2777 1193 2854 ἦσαν
1224 2782 1498 2853 πρότερον
1546 2758 1938 2850 πρεσϐύτεροι,

450 2895 468 2925 ι
510 2876 584 2946 μὴ
627 2872 1037 2928 ἀποϐάλλεσθαι
1098 2873 1298 2937 αὐτοὺς
1352 2874 1452 2942 τῆς
1492 2873 1655 2942 τιμῆς
1685 2888 1700 2904 ο
1753 2871 1848 2923 ἐὰν
1884 2870 1942 2923 δὲ

451 2985 470 3019 ι
510 2963 944 3030 διαστασιάζωσι
1005 2965 1146 3036 πρὸς
1218 2965 1345 3028 τοὺς
1419 2957 1778 3025 καθεστῶτας
1827 2963 1944 3015 ἐκεῖ

453 3072 472 3108 ι
519 3058 879 3124 ἐπισκόπους,
920 3058 1278 3126 ἀφαιρεῖσθαι
1307 3056 1492 3118 αὐτοῖς
1537 3056 1633 3109 καὶ
1651 3055 1750 3123 τὴν
1776 3053 1942 3124 τιμὴν

454 3167 472 3201 ι
511 3149 603 3202 τοῦ
642 3147 1067 3220 πρεσϐυτερίου,
1123 3147 1221 3202 καὶ
1254 3146 1505 3218 γίνεσθαι
1535 3146 1734 3208 αὐτοὺς
1774 3146 1941 3214 ὲκκη-
1974 3155 2014 3214 c

387 3239 389 3241 ’
453 3257 471 3291 ι
518 3240 769 3309 ρύκτους.
810 3258 829 3291 ο

449 3333 644 3387 ΒΑΛΣ.
694 3333 753 3385 '0
785 3328 848 3418 ιδ’
883 3330 1068 3386 κανὼν
1109 3331 1218 3385 τῶν
1268 3331 1443 3399 ἁγίων
1475 3325 1793 3385 ἀποστόλων
1851 3332 1951 3386 καὶ

378 3416 406 3479 6
432 3433 491 3479 ιε’
516 3425 611 3478 καὶ
652 3427 679 3478 6
722 3416 832 3490 λς’,
868 3417 1004 3478 ἀλλὰ
1031 3427 1137 3495 μὴν
1166 3425 1262 3478 καὶ
1298 3425 1326 3476 6
1356 3422 1440 3490 ιζ’,
1484 3425 1578 3478 καὶ
1608 3427 1634 3478 6
1669 3431 1738 3495 ιη’
1768 3422 1949 3478 κανὼν

379 3518 478 3585 τῆς
507 3518 568 3570 ὲν
603 3513 910 3588 Ἀντιοχείᾳ
964 3511 1207 3581 συνόδου,
1261 3517 1434 3569 πολλά
1495 3532 1619 3570 τινα
1650 3511 1955 3584 διαλαμϐά-

380 3620 534 3700 νουσι
583 3612 708 3680 περὶ
775 3611 885 3664 τῶν
938 3611 1434 3681 χειροτονουμένων
1489 3611 1825 3674 ἐπισκόπων,
1861 3609 1956 3662 καὶ

386 3702 461 3774 μὴ
493 3701 802 3772 δεχομένων
868 3703 973 3756 ὑπὸ
1025 3703 1135 3756 τῶν
1198 3701 1504 3773 παροικιῶν
1573 3702 1753 3755 αὐτῶν
1787 3716 1800 3730 ·
1860 3703 1956 3755 καὶ

386 3797 662 3866 ἀνάγνωθι
701 3795 952 3857 τούτους.
1001 3795 1060 3848 '0
1092 3795 1275 3865 μέντοι
1306 3796 1504 3866 παρὼν
1559 3794 1741 3848 κανὼν
1789 3794 1959 3865 διορί-

387 3890 541 3958 ζεται
571 3891 698 3954 τοὺς
737 3890 812 3963 μὴ
877 3889 1172 3960 δεχθέντας
1207 3890 1564 3951 ἐπισκόπους,
1598 3889 1680 3951 είς
1712 3886 1779 3951 ἃς
1821 3887 1957 3947 ᾠνο-

389 3984 679 4056 μάσοησαν
738 3981 1056 4053 παροικίας,
1112 3981 1186 4051 μὴ
1242 3979 1578 4050 ἀπέρχεσθαι
1613 3984 1690 4044 είς
1741 3981 1959 4051 ἐτέρας,

390 4079 488 4132 κα)⁸
518 4077 728 4148 βιάζειν
754 4077 880 4139 τοὺς
931 4075 1230 4151 προέδρους
1271 4073 1472 4138 αὐτῶν,
1523 4073 1616 4126 καὶ
1679 4075 1815 4141 μήτε
1863 4073 1961 4140 μὲν

387 4159 682 4236 διεγείρειν
721 4167 863 4219 κατὰ
889 4165 1100 4217 τούτων
1133 4165 1260 4225 τοὺς
1310 4161 1402 4214 ὑπ’
1434 4161 1632 4223 αὐτοὺς
1665 4158 1964 4230 κληρικούς

389 4269 448 4317 τε
477 4264 570 4314 καὶ
593 4253 838 4321 λαῗκούς.
864 4258 1004 4320 Τοὺς
1028 4257 1082 4310 δὲ
1109 4254 1350 4308 τοιοῦτόν
1395 4271 1448 4306 τι
1510 4253 1805 4314 ποιοῦντας
1863 4251 1962 4318 ἀφ-

391 4357 692 4426 ορίζεσθαι.
736 4355 823 4416 Ὠς
849 4354 906 4406 δέ
946 4365 1090 4415 τινος
1149 4350 1418 4414 εἰπόντος,
1473 4348 1581 4401 Καὶ
1626 4348 1777 4408 ποῖος
1813 4344 1965 4396 ἔσται

395 4450 558 4510 τόπος
589 4445 872 4507 κατοικίας
906 4447 1017 4506 τοῖς
1073 4441 1335 4503 τοιούτοις
1367 4456 1381 4506 ;
1434 4441 1714 4508 ἐπήγαγον
1771 4439 1818 4491 οἱ
1851 4436 1964 4489 [Ia-

395 4535 551 4626 τέρες
589 4534 688 4598 ὼς,
717 4533 765 4586 εί
810 4532 1084 4600 βούλοιντο
1139 4532 1188 4584 οί
1221 4529 1697 4600 χειροτονηθέντες
1755 4528 1965 4595 διάγειν

399 4628 478 4690 είς
505 4623 700 4698 ἐτέρας
727 4626 1042 4696 παροικίας,
1073 4625 1240 4695 ἤγουν
1267 4625 1345 4687 είς
1387 4624 1484 4685 τὰς
1520 4623 1793 4693 προτέρας
1832 4638 1970 4673 κατ-

399 4723 572 4784 οικίας
604 4718 804 4782 αὐτῶν,
847 4718 940 4770 καὶ
969 4717 1251 4786 ἀνέχονται
1293 4717 1373 4780 είς
1404 4709 1778 4786 πρεσϐυτέρου
1805 4708 1971 4766 τόπον

400 4812 696 4883 καθῆσθαι,
731 4811 790 4862 οὐ
823 4807 1228 4878 κωλυθήσονται
1265 4826 1278 4840 ’
1317 4808 1495 4862 τοίνυν
1535 4805 1628 4859 καὶ
1681 4805 1823 4859 οὕτω
1875 4803 1972 4874 μὲν

407 4906 686 4967 ποιοῦντες
748 4901 1092 4973 ἀνενόχλητοι
1165 4900 1677 4972 διατηρηθήσονται,
1759 4897 1975 4967 ἔχοντες

405 5001 503 5092 τὴν
530 4998 787 5066 τοιαύτην
813 4995 1002 5064 τιμήν.
1050 4993 1174 5046 Ἐὰν
1221 4994 1278 5046 δὲ
1313 4994 1530 5056 στάσεις
1569 4994 1660 5046 καὶ
1714 4993 1977 5061 διαφορὰς

406 5085 574 5165 ἔχωσι
606 5092 744 5162 μετὰ
773 5091 868 5143 τοῦ
897 5087 1168 5159 ἐγχωρίου
1200 5087 1523 5149 ἐπισκόπου,
1575 5085 1977 5154 ἀφαιρεθήσον-

408 5205 501 5240 ται
536 5187 630 5238 καὶ
655 5185 750 5253 τὴν
772 5181 863 5236 τοῦ
893 5180 1268 5251 πρεσϐυτέρου
1303 5179 1492 5249 τιμὴν,
1528 5180 1624 5230 καὶ
1651 5177 1980 5246 γενήσονται

407 5279 758 5350 ἐκκήρυκτοι.
823 5274 1012 5329 Ταῦτα
1042 5271 1137 5325 τοῦ
1188 5271 1410 5334 κανόνος
1457 5269 1847 5340 διοριζομένου,
1907 5266 1982 5338 μὴ

407 5372 568 5442 εἴπῃς
601 5371 727 5432 τοὺς
770 5367 845 5439 μὴ
883 5366 1168 5438 δεχθέντας
1220 5363 1554 5424 ἐπισκόπους
1584 5359 1858 5429 καθῆσο;ι
1904 5361 1982 5422 είς

407 5462 534 5522 τοὺς
561 5460 760 5520 τόπους
807 5459 919 5511 τῶν
953 5453 1344 5528 πρεσϐυτέρων
1374 5451 1463 5505 διὰ
1519 5451 1833 5504 ὑπόπτωσιν
1885 5450 1984 5518 τῆς

410 5553 578 5622 τιμῆς
605 5551 698 5603 τοῦ
745 5546 1108 5601 ἐπισκοπικοῦ
1165 5543 1496 5614 ἀξιώματος,
1535 5542 1671 5594 ἀλλὰ
1710 5541 1800 5594 διὰ
1825 5540 1884 5593 τὸ
1910 5540 1985 5610 μὴ

413 5639 555 5698 εῖναι
584 5641 772 5706 ἕτερον
822 5637 981 5689 τόπον
1005 5634 1098 5688 τοῦ
1143 5629 1545 5704 πρεσϐυτερίου
1600 5629 1845 5699 μείζονα.
1877 5627 1982 5679 Τυ-

413 5736 507 5804 χὸν
535 5733 643 5802 γάρ
675 5747 818 5794 τινος
849 5729 906 5793 ἐξ
932 5727 1109 5780 αὐτῶν
1159 5726 1306 5787 ὄντος
1356 5723 1464 5778 ἀπὸ
1509 5721 1854 5793 Ἡρακλείας,
1895 5724 1990 5773 καὶ

418 5825 861 5893 ὑποστρέψαντος
931 5819 1006 5881 εἰς
1059 5816 1283 5886 ταύτην,
1347 5815 1394 5868 οἱ
1441 5812 1540 5885 μὲν
1602 5811 1986 5883 πρεσὸύτεραι,

2031 1947 2297 2004 invenies.

2498 2115 2660 2188 395
2693 2107 2920 2166 CANON
2958 2101 3156 2159 xvm.

2040 2237 2058 2275 ι
2099 2219 2154 2276 Si
2183 2215 2276 2289 qui
2313 2181 2596 2269 constituti
2622 2181 2901 2276 episcopi,
2937 2207 2989 2254 et
3028 2197 3096 2252 ab
3126 2194 3216 2248 illa
3254 2185 3519 2260 parmcia,
3553 2181 3607 2235 in

2111 2332 2128 2365 ι
2170 2321 2332 2380 quam
2381 2300 2646 2374 nominati
2699 2299 2958 2357 fuerunt,
3013 2305 3118 2342 non
3164 2281 3429 2350 suscepti,
3479 2276 3617 2330 alias

2116 2425 2135 2460 ι
2174 2403 2344 2460 velint
2375 2396 2654 2470 parmcias
2677 2387 2960 2446 invadere,
2994 2393 3048 2437 et
3080 2382 3168 2442 iis,
3202 2377 3294 2446 qui
3327 2367 3614 2428 constituti

2112 2519 2129 2551 ι
2176 2505 2328 2559 sunt,
2359 2493 2468 2545 vim
2499 2488 2718 2547 afferre,
2757 2489 2811 2536 et
2850 2475 3153 2534 seditiones
3183 2469 3448 2524 adversus
3490 2461 3619 2514 illos

2115 2611 2133 2646 ι
2172 2590 2436 2651 excitare,
2483 2597 2579 2636 eos
2624 2573 2923 2645 segregari.
2967 2567 3065 2622 Sin
3115 2572 3296 2616 autem
3343 2557 3510 2612 veiint
3561 2553 3618 2606 in

2122 2707 2140 2739 ι
2185 2676 2526 2752 presbyterio
2565 2671 2829 2728 residere,
2863 2664 2917 2717 in
2959 2673 3070 2729 quo
3104 2656 3256 2724 prius
3296 2659 3452 2706 erant
3495 2659 3620 2714 pre«

2121 2798 2140 2832 ι
2180 2772 2410 2846 sbyteri,
2463 2769 2619 2837 ipsos
2673 2762 2883 2814 honore
2931 2767 3038 2807 non
3081 2747 3292 2801 moveri
3332 2759 3346 2794 :
3393 2736 3538 2808 quod
3575 2734 3622 2788 si

2124 2891 2142 2923 ι
2182 2869 2346 2924 etiam
2398 2862 2663 2915 adversus
2696 2866 2811 2915 eos,
2858 2848 2950 2917 qui
3000 2845 3114 2898 illic
3151 2832 3434 2894 constituti
3473 2836 3624 2890 sunt,

2116 2982 2135 3014 ι
2177 2959 2507 3028 episcopos,
2555 2945 2860 3003 seditiones
2918 2930 3317 2992 excitaverint,
3361 2926 3624 3000 honorem

2119 3012 2138 3106 ᾇ
2177 3012 2400 3120 αξιοειιιὲ
2429 3012 2754 3110 presbyterii
2785 3034 2854 3088 ab
2879 3031 2958 3087 eis
2981 3026 3212 3088 auferri,
3243 3032 3296 3075 et
3327 3019 3447 3073 illos
3472 3012 3630 3069 abdi.-

2123 3163 2140 3196 ι
2178 3153 2331 3199 catos
2364 3135 2524 3191 edici.
2552 3153 2581 3180 ν

2123 3321 2316 3378 BALS.
2338 3317 2577 3385 Quartus
2596 3308 2842 3368 decimus
2871 3317 3048 3359 canon
3064 3303 3378 3354 sanctorum
3401 3291 3629 3356 aposto-

2056 3419 2230 3473 lorum
2255 3421 2308 3467 et
2339 3403 2818 3481 quintusdecimus
2847 3403 2902 3451 et
2926 3391 3241 3450 tricesimus
3265 3391 3477 3439 sextus.
3497 3375 3629 3445 quin

2005 3527 2009 3532 '
2056 3511 2221 3566 etiam
2253 3503 2522 3573 sepiimus
2553 3494 2802 3551 decimus
2835 3497 2889 3542 et
2912 3493 3140 3539 octaVus
3163 3478 3414 3535 decimus
3454 3481 3630 3523 canon

2056 3561 2416 3658 Antiochensi
2460 3589 2676 3663 synodi,
2725 3583 2894 3636 multa
2946 3581 3186 3630 tractant
3227 3571 3292 3623 dc
3333 3561 3632 3634 episeOpis,

2059 3695 2150 3763 qui
2186 3688 2534 3745 ordinantur,
2571 3689 2627 3733 et
2668 3692 2696 3728 a
2734 3674 2850 3730 suis
2881 3668 3135 3741 parmciis
3168 3677 3277 3716 non
3319 3654 3636 3722 suscipiuua

2059 3799 2185 3850 tur;
2218 3788 2272 3836 et
2317 3780 2434 3848 lege
2462 3789 2578 3828 eos.
2616 3769 2865 3822 Prmsens
2899 3775 3028 3814 vero
3059 3769 3238 3811 eanoo
3270 3745 3541 3807 decernit,
3575 3747 3636 3793 ut

2061 3871 2328 3946 episcopi,
2360 3866 2450 3936 qui
2483 3876 2591 3918 non
2616 3866 2743 3914 sunt
2772 3852 3012 3920 Suscepti
3044 3849 3094 3902 in
3121 3841 3393 3916 parmeias
3416 3835 3470 3890 in
3499 3845 3636 3901 quas

2064 3961 2328 4024 nominati
2378 3965 2539 4021 sunt,
2591 3954 2646 4006 in
2680 3951 2816 4006 alias
2861 3959 2971 4000 non
3018 3941 3248 4002 abeant,
3296 3946 3397 3986 nec
3443 3938 3633 3981 earum

2067 4052 2388 4129 praesulibus
2425 4047 2532 4102 vim
2563 4043 2832 4104 afferant;
2887 4047 3068 4102 neque
3098 4031 3367 4083 adversus
3402 4033 3498 4074 eos
3529 4015 3640 4066 ele-

3107 4122 3137 4129 “
3464 4110 3474 4129 2
3533 4107 3640 4129 .-l,‘

2068 4107 2202 4129 Γ---

2068 4154 2213 4207 rieos
2259 4160 2388 4200 suos
2426 4149 2480 4196 et
2532 4138 2702 4191 laicus
2746 4129 2989 4186 excitent
3044 4139 3057 4176 :
3107 4122 3140 4175 ii
3179 4131 3329 4180 vero,
3383 4110 3478 4180 qui
3533 4107 3642 4160 tale

2067 4241 2199 4315 quid
2233 4239 2464 4298 faciunt,
2507 4233 2888 4299 segregantur.
2939 4217 3226 4283 Tanquam
3262 4220 3392 4259 vero
3440 4197 3643 4253 dixerit

2818 4313 2824 4315 “
2943 4311 2952 4315 ⁸
3043 4307 3053 4315 ·
3242 4301 3252 4315 ⁸
3291 4288 3643 4315 γιξι--ε.-.,ε,.·ν

2069 4288 2291 4403 aliquis,
2332 4327 2395 4380 Et
2439 4322 2698 4393 quisnam
2749 4313 2856 4369 erit
2907 4311 2988 4364 eis
3043 4307 3196 4362 locus
3242 4288 3644 4352 habitationis?

2071 4381 2482 4494 srrbjrrnaeruni
2521 4412 2732 4472 Patres,
2775 4403 2924 4476 quod
2962 4401 3004 4456 si
3055 4397 3224 4452 velint
3273 4389 3514 4460 quidem,
3549 4381 3643 4451 qui

2071 4474 2291 4494 """J""’
2796 4474 2807 4476 ν

1995 4488 2042 4546 D
2069 4515 2304 4574 ordinati
2334 4521 2484 4570 sunt.
2534 4507 2588 4561 in
2633 4503 2757 4558 aliis
2800 4493 3056 4569 paruaeiis
3089 4491 3311 4558 degere,
3342 4479 3553 4536 scilicet
3589 4474 3644 4534 in

2072 4615 2188 4670 suis
2221 4605 2498 4676 prioribus
2524 4567 2977 4658 habitationibus,
3008 4596 3061 4642 et
3091 4585 3144 4636 in
3181 4570 3488 4650 presbyteri
3526 4567 3644 4621 loco

2015 4721 2022 4724 '
2074 4703 2316 4760 residere
2348 4697 2678 4756 sdstineant,
2705 4703 2817 4743 non
2855 4680 3295 4753 prohibclmntur
3330 4687 3346 4735 ;
3383 4675 3438 4721 et
3476 4662 3522 4717 si
3564 4661 3649 4714 sic

2075 4805 2262 4869 agant,
2309 4790 2492 4847 omnis
2539 4781 2804 4841 molestiae
2848 4780 3102 4845 expertes
3147 4760 3648 4822 eonservabuntur,

2954 4866 2963 4869 -
3033 4863 3044 4869 -
3363 4867 3376 4869 _
3409 4846 3508 4869 ,ηε
3542 4841 3622 4869 η,

2076 4903 2200 4944 eum
2234 4887 2500 4938 honorem
2532 4876 2798 4930 habentes
2831 4884 2844 4922 :
2871 4866 2967 4922 sed
3003 4863 3048 4918 si
3079 4874 3203 4914 cum
3237 4854 3382 4908 illius
3409 4846 3511 4902 loci
3539 4841 3653 4912 epi-

2077 4991 2244 5046 seopo
2275 4970 2569 5028 seditiones
2601 4959 3086 5025 dissensionesque
3120 4942 3499 5006 excitaverit“,
3531 4949 3654 5006 prc-

2080 5021 2286 5140 sbyieri
2322 5074 2542 5132 quoque
2590 5056 2672 5111 eis
2714 5054 2890 5106 honor
2922 5021 3268 5102 detrahetur,
3311 5042 3366 5089 et
3416 5021 3653 5083 abdicati

2080 5117 2168 5140 ’νδ
2190 5117 2202 5120 “
2218 5117 2249 5121 ’⁷
2274 5117 2285 5118 ί
2341 5117 2353 5132 ι
2453 5117 2467 5130 ι

2013 5179 2023 5182 ’
2080 5169 2263 5218 erunt.
2320 5155 2446 5209 liwc
2480 5166 2605 5206 eum
2653 5161 2834 5202 canon
2871 5143 3156 5202 decernat,
3195 5147 3262 5186 ne
3307 5123 3512 5183 dixeris
3542 5117 3659 5188 cpi-

2083 5266 2303 5322 seopos.
2337 5247 2430 5317 qui
2454 5242 2698 5312 suscepti
2731 5253 2839 5294 non
2873 5241 3026 5298 sunt,
3055 5231 3110 5284 in
3147 5224 3283 5280 locis
3312 5217 3660 5292 presbytero-

2087 5303 2139 5309 -ν
2186 5303 2211 5322 τ
2356 5303 2367 5317 .
2622 5303 2636 5312 .

2087 5362 2207 5401 rum
2235 5343 2448 5404 sedere,
2480 5348 2541 5393 ut
2570 5335 2909 5404 deprimatur
2935 5328 3113 5381 honos
3138 5303 3660 5389 episcopalisdigni-

2086 5439 2220 5514 tatis
2243 5477 2257 5500 ,
2291 5434 2383 5488 sed
2423 5429 2566 5499 quod
2611 5443 2717 5484 non
2751 5425 2824 5481 sit
2865 5423 3006 5476 alius
3040 5419 3194 5469 locus
3227 5406 3398 5476 major
3429 5394 3660 5471 presby-

2090 5538 2293 5583 teratu.
2332 5526 2390 5580 Si
2426 5525 2549 5592 quis
2585 5521 2730 5575 enim
2774 5517 2912 5570 forte
2943 5524 3130 5566 eorum
3163 5508 3236 5560 sit
3269 5499 3662 5556 lleracleanus,

2089 5631 2225 5675 eteo
2251 5617 2498 5679 redierit,
2520 5609 2821 5683 presbyteri
2845 5606 3086 5674 quidem,
3109 5611 3340 5669 quormn
3367 5589 3665 5661 aliquando

2092 5728 2233 5768 unus
2257 5718 2371 5764 erat
2401 5718 2456 5762 ct
2487 5708 2600 5774 ipse
2625 5704 2857 5765 electus,
2891 5695 3240 5771 sacerdotum
3275 5689 3424 5743 iocos
3449 5683 3667 5736 obtine-

2091 5806 2226 5862 bunt
2266 5818 2281 5864 ξ
2317 5802 2406 5856 hic
2429 5814 2557 5855 vero
2591 5795 2656 5852 ad
2693 5791 3057 5866 episcopalem
3083 5784 3401 5859 dignitatem
3442 5791 3668 5848 Di‘OtliO‘
