4076 6390
476 315 631 375 ι1ι7ὒ

1756 312 2035 373 TIIEOD.
2080 313 2481 371 Βιιιεωλυ-.

3617 304 3765 372 HS!)

490 428 606 479 tus.
632 436 753 475 eum
785 420 1012 489 reliquis
1042 422 1321 478 Heraclea:
1342 422 1622 493 episcopis
1646 423 1890 490 sedebit;
1924 432 2075 493 septa

2187 413 2252 484 ὣς
2284 416 2365 485 εἷς
2391 439 2520 475 ποτε
2546 415 2616 491 ἦν
2671 421 2765 475 καὶ
2798 424 2827 476 ό
2866 420 3182 493 ψηφισθεὶς,
3230 418 3357 481 τοὺς
3403 418 3513 473 τῶν
3563 418 3764 490 ἱερέων

492 523 673 568 autem
700 516 1040 577 transiliens.
1079 515 1182 569 hoc
1210 526 1292 570 est
1320 517 1723 586 metropolitani
1756 518 1933 571 locum
1963 517 2070 572 sibi

493 618 801 673 usurpans,
843 620 948 658 non
1000 607 1349 661 exaudietur.
1400 609 1536 662 Eum
1578 609 1723 661 enim
1765 618 1898 663 tunc
1945 624 2068 664 cum

491 697 831 766 presbyteris
865 698 1077 762 sedere,
1121 701 1343 767 quando
1378 710 1461 754 est
1509 702 1742 755 aliorutn
1778 703 2070 773 episcopo-

494 804 613 840 rum
658 789 838 851 sedes.
880 800 963 845 est
997 791 1296 857 ignominia
1329 792 1698 861 episcopatus.
1734 792 1908 848 Debes
1943 810 2071 864 ergo

495 877 621 929 facti
655 880 892 947 speciem
925 882 1002 935 sic
1037 881 1136 935 hoc
1173 882 1373 935 inloco
1408 896 1627 948 ponere,
1648 883 1792 951 quod
1819 882 1938 950 ejus
1966 883 2067 937 loci

492 970 788 1040 episcopus
838 989 948 1027 non
1006 975 1244 1029 habebat
1298 976 1435 1031 alios
1482 975 1771 1044 episcopos
1814 977 1907 1045 qui
1966 991 2072 1028 una

493 1077 617 1114 eum
650 1078 719 1117 eo
747 1075 1009 1132 agerent;
1048 1067 1140 1121 sed
1187 1067 1335 1121 solos
1370 1068 1743 1137 presbyteros,
1783 1066 1874 1135 qui
1908 1066 2070 1119 etiam

497 1152 662 1206 simul
690 1153 972 1207 sedebant.
1014 1156 1435 1226 Presbyteratus
1477 1166 1659 1209 autem
1711 1155 1972 1209 honorem
2008 1153 2074 1205 ab

496 1253 586 1305 eo,
624 1242 718 1308 qui
768 1244 847 1295 sic
894 1245 1024 1312 agit,
1072 1245 1300 1309 auferri,
1351 1254 1402 1299 et
1453 1245 1772 1299 abdicatum
1825 1245 1963 1307 lieri,
2007 1258 2075 1297 ne

500 1332 836 1388 intellexeris
868 1334 935 1389 de
962 1336 1306 1404 depositione
1338 1337 1511 1406 accipi
1536 1353 1552 1403 ;
1581 1336 1676 1392 sed
1709 1338 1777 1390 de
1805 1335 1928 1404 ejus
1958 1336 2074 1389 sola

500 1424 725 1480 honoris
752 1425 1033 1482 ablatione
1064 1445 1077 1479 :
1106 1430 1319 1484 scilicet
1341 1444 1431 1495 ne,
1461 1438 1519 1483 ut
1546 1445 1670 1484 cum
1696 1427 2079 1485 sacerdotibus

497 1518 719 1584 quidem
757 1520 965 1585 sedeat,
998 1520 1195 1590 dignus
1224 1522 1539 1577 habebitur.

498 1612 856 1681 ἐκκήρυκτον,
900 1613 973 1681 μὴ
1009 1614 1210 1687 νοήσῃς
1242 1614 1686 1685 ἐκλαμϐάνεσθαι
1742 1614 1823 1677 εἰς
1877 1612 2229 1682 καθαίρεσιν,
2271 1613 2387 1666 ἀλλ’
2425 1615 2506 1675 εἰς
2563 1614 2733 1686 μόνην
2789 1614 3105 1667 ύτώπτωσιν
3165 1614 3266 1683 τῆς

2178 512 2362 576 ἕξουσι
2417 513 2645 576 τόπουςο
2695 506 2849 575 οὗτος
2886 512 2942 565 δέ
2980 510 3059 574 είς
3118 510 3481 564 ἐπισκοπικδν
3535 510 3763 577 ἀξίωμα

2183 603 2686 670 προαναϐιϐασθεὶς
2740 603 2876 673 μετὰ
2905 604 3013 654 τῶν
3056 600 3259 654 λοιπῶν
3314 600 3628 652 ἐπισκόπων
3661 600 3763 652 τοῦ

2194 694 2522 766 Ἡρακλείας
2554 695 2795 748 καθίσει·
2829 697 2922 748 καὶ
2981 694 3121 762 ὑπὲρ
3156 695 3223 747 τὰ
3285 692 3607 761 ἐσκαμμένα
3643 709 3759 759 πη-

2178 787 2305 850 δῶν,
2358 788 2661 850 τουτέστιν,
2702 786 2998 855 ἰδιούμενος
3046 787 3137 838 τὸν
3205 782 3298 837 τοῦ
3356 784 3762 854 μητροπολίτου

2179 880 2361 941 τόπον,
2433 878 2534 931 οὐκ
2604 854 3110 945 εἰσακουσθήσεται.
3181 877 3252 930 Τὸ
3327 878 3435 945 γάρ
3485 854 3769 941 καθῆσθαί

2179 970 2366 1024 τοῦτον
2434 970 2573 1040 μετά
2621 972 2729 1024 τῶν
2786 970 3196 1041 πρεσϐυτέριον,
3254 970 3343 1023 ὅτε
3408 970 3500 1022 καὶ
3554 970 3765 1039 ἐτέρων

2181 1060 2494 1114 ἐπισκόπων
2558 1062 2797 1132 καθέδρα
2846 1063 3017 1124 ἐστὶν,
3072 1060 3233 1129 ὕϐρις
3288 1061 3404 1113 ἐστὶ
3441 1062 3538 1129 τῆς
3570 1065 3765 1131 ἀρχιε-

2188 1153 2460 1222 ρωσύνης.
2520 1153 2786 1222 Ὀφεῖλεις
2838 1154 2930 1207 οὖν
2979 1153 3218 1207 ἐνταῦθα
3250 1153 3561 1222 θεματίσαι,
3610 1156 3695 1206 ὅτι
3741 1156 3770 1205 ὁ

2186 1241 2452 1313 ἐγχώριος
2500 1245 2798 1309 ἐπίσκοπος
2842 1250 2940 1299 οὐκ
2988 1241 3103 1315 εἶχε
3158 1246 3417 1308 συνόντας
3464 1247 3612 1314 αὐτῷ
3668 1248 3769 1298 καὶ

2187 1338 2409 1406 ἐτέρους
2439 1339 2795 1399 ἐπισκόπους,
2834 1339 2970 1391 ἀλλὰ
3008 1340 3205 1407 μόνους
3242 1336 3673 1404 πρεσϐυτέρους.
3719 1337 3772 1388 οῖ

2188 1430 2281 1483 καὶ
2303 1426 2689 1499 συνεκάθηντο.
2722 1431 2795 1483 Τδ
2822 1431 3175 1500 ἀφαιρεῖσθαι
3210 1430 3265 1482 δέ
3289 1430 3380 1482 τὸν
3416 1429 3563 1498 παρᾶ
3591 1422 3776 1481 ταῦτα

2190 1520 2447 1574 ποιοῦντα
2478 1521 2575 1591 τὴν
2604 1523 2770 1592 τιμὴν
2795 1522 2891 1576 τοῦ
2925 1522 3346 1592 πρεσϐυτερίου,
3379 1523 3472 1574 καὶ
3511 1521 3773 1589 γίνεσθαι

3344 1616 3509 1685 τιμῆς
3547 1612 3776 1675 τούτου,

496 1703 666 1772 ἤγουν
690 1703 811 1757 οὐδὲ
847 1704 985 1773 μετά
1032 1705 1140 1757 τῶν
1181 1708 1573 1778 πρεσϐυτέρων
1601 1707 1877 1776 καθῆσθαι
1906 1702 2332 1771 ἀξιωθήσονται.

568 1795 820 1850 ZONAR.
859 1799 915 1851 Si
946 1800 1036 1868 qui
1083 1798 1223 1856 forte
1267 1810 1558 1871 postquam
1591 1802 1836 1871 episcopi
1870 1799 2079 1854 consti-

2254 1799 2499 1853 ΖΩΝΑΡ.
2540 1800 2669 1853 Ἐάν
2733 1818 2881 1863 τινες
2944 1800 3236 1852 ἐπίσκοποι
3300 1798 3774 1860 κατασταθέντεςν

502 1889 626 1953 tuti,
674 1888 780 1942 hoc
811 1900 894 1944 est
924 1892 1091 1944 creati
1137 1901 1288 1957 sunt,
1327 1892 1379 1945 in
1429 1907 1487 1945 ea
1538 1893 1776 1961 parmeia
1811 1892 1878 1946 ad
1916 1904 2080 1959 quam

502 1982 787 2047 nominati,
836 1984 1102 2053 cujusque
1139 1986 1397 2042 videlicet
1447 1988 1693 2057 episcopi
1743 1989 1873 2041 dicti
1927 1998 2082 2053 sunt,

502 2075 642 2129 haud
677 2077 1049 2146 recipiantur;
1077 2079 1307 2134 alteram
1339 2096 1466 2135 vero
1496 2082 1600 2150 ipsi
1629 2083 1951 2150 parteciatn,
1983 2084 2085 2140 hoc

499 2175 607 2231 est,
650 2167 881 2223 alteram
913 2172 1199 2226 erclesiam
1246 2183 1695 2243 conventumque
1729 2175 1970 2229 lidelinm
2003 2176 2085 2230 iu-

502 2254 725 2318 vadant,
760 2272 823 2311 ac
862 2259 954 2323 iis,
983 2261 1075 2329 qtti
1106 2261 1156 2314 in
1192 2262 1282 2315 illa
1315 2265 1622 2330 constituti,
1662 2267 1756 2335 qui
1794 2267 1942 2321 illius
1975 2269 2084 2322 sci-

503 2343 629 2397 licet
677 2348 931 2414 parcecim
975 2351 1221 2420 episcopi
1269 2356 1436 2408 creati
1472 2368 1621 2420 sunt,
1669 2358 1775 2411 vim
1829 2360 2082 2427 ail‘vrant,

502 2437 979 2510 seditionibusque
1046 2445 1367 2513 perturbent
1400 2465 1412 2501 :
1457 2449 1732 2518 segregari
1769 2465 1887 2511 eos.
1922 2452 1994 2503 ita
2027 2461 2085 2505 ut

502 2543 850 2600 nequaquam
886 2533 1074 2588 eodem
1120 2552 1244 2590 cum
1279 2539 1557 2609 episcopis
1592 2542 1804 2595 honore
1835 2541 2082 2596 aﬂieian-

503 2631 613 2687 tur,
655 2624 742 2678 hic
768 2640 942 2681 canon
979 2627 1250 2684 decernit.
1282 2630 1338 2684 Si
1374 2647 1501 2687 vero
1538 2649 1660 2686 eum
1696 2636 2083 2690 sacerdotibus

502 2713 753 2770 assidere
788 2719 979 2781 velint,
1026 2720 1077 2773 id
1128 2722 1401 2786 obtinere,
1437 2732 1494 2777 ttt
1531 2724 1743 2779 scilicet
1771 2727 2087 2781 sacerdota-

502 2810 607 2864 iem
653 2812 891 2869 habeant
922 2814 1271 2885 dignitatem,
1307 2817 1449 2871 haud
1488 2826 1655 2872 vetat.
1688 2817 1845 2883 Quod
1894 2820 1938 2873 si
1986 2835 2084 2874 eos

499 2918 741 2972 queque,
787 2908 879 2976 qui
937 2907 1049 2961 illic
1096 2908 1331 2975 degunt,
1374 2910 1663 2980 episcopos
1718 2911 2083 2965 seditionibus

504 3007 725 3064 vexerit,
758 2999 1067 3053 sacerdotis
1099 3014 1321 3067 queque
1349 3000 1620 3068 dignitate
1649 3002 1876 3069 privari,
1908 3008 1960 3054 et
1988 3000 2086 3055 ab.

503 3090 717 3143 dicatos
748 3088 911 3155 eiIici,
946 3091 1046 3145 hoc
1075 3100 1159 3144 est
1196 3093 1265 3144 ab
1299 3089 1543 3145 Ecclesia
1581 3091 1779 3160 expelli
1806 3092 1983 3161 jubet.

2189 1892 2309 1944 ἀντὶ
2332 1892 2424 1945 τοῦ
2447 1894 2934 1963 χειροτονηθέντες,
2964 1895 3037 1965 μὴ
3060 1892 3292 1961 δεχθῶσι
3316 1898 3463 1960 παρὰ
3485 1893 3586 1957 τῆς
3617 1910 3776 1961 παρα

2188 1986 2365 2048 οικίας
2421 1989 2500 2049 εἰς
2553 1986 2619 2056 ἣν
2662 1986 3080 2055 ὠνομάσθησαν,
3133 1980 3200 2056 ἧς
3235 1984 3625 2053 ἐπεκλήθησαν
3670 1983 3774 2051 δη-

2188 2076 2365 2129 λονότι
2420 2077 2749 2129 ἐπίσκοποιο
2799 2076 3071 2130 ἐπέλθωσι
3140 2078 3197 2130 δὲ
3256 2077 3420 2146 ἐτέρᾳ
3476 2077 3782 2145 παροικίᾳ,

2187 2168 2354 2238 ἤγουν
2399 2169 2564 2240 ἐτέρᾳ
2603 2169 2872 2238 ἐκκλησίᾳ.
2906 2168 3002 2222 καὶ
3049 2169 3337 2239 ἀθροισμῴ
3394 2168 3628 2232 πιστῶν,
3679 2168 3787 2221 καὶ

2188 2257 2482 2327 βιάζωνται
2526 2259 2654 2322 τοὺς
2701 2259 3054 2322 καθεστῶτας
3104 2261 3241 2324 ἐκεῖ,
3294 2259 3420 2320 τοὺς
3457 2275 3789 2328 κεχειροτο-

2189 2354 2461 2420 νημένους
2492 2354 2547 2404 ἐν
2572 2356 2637 2422 τῇ
2669 2355 2933 2424 παροικίᾳ
2956 2354 3161 2424 ἐκείνῃ,
3200 2352 3293 2403 καὶ
3321 2352 3537 2411 στάσεις
3572 2352 3786 2404 κινῶσι

2188 2439 2312 2495 κατ’
2343 2442 2545 2507 αὐτῶν,
2581 2442 2805 2506 τούτους
2833 2444 2859 2495 ὁ
2890 2439 3069 2494 κανὼν
3121 2441 3484 2511 ἀφορίζεσθαι
3532 2440 3783 2506 κελεύει,

2189 2531 2333 2585 ὥστε
2390 2533 2463 2605 μὴ
2494 2534 2859 2613 συντιμᾶσθαι
2905 2536 3016 2597 τοῖς
3051 2534 3396 2597 ἐπισκόποις.
3452 2534 3510 2585 Εἰ
3543 2534 3598 2586 δέ
3645 2533 3786 2602 βού-

2187 2623 2368 2676 λοιντο
2408 2626 2794 2695 συγκαθῆσθαι
2827 2630 2941 2689 τοῖς
2968 2626 3603 2695 πρεσϐυτέροις,τούτου
3636 2645 3784 2693 τυγ-

2187 2715 2393 2784 χάνειν,
2421 2718 2540 2788 ἦτοι
2564 2717 2941 2788 πρεσϐυτέρου
2987 2719 3134 2787 ἔχειν
3172 2718 3365 2786 τιμήν.
3408 2718 3532 2770 Ἐὰν
3563 2717 3618 2769 δε
3648 2719 3785 2771 στά-

2189 2826 2304 2871 σεις
2331 2809 2527 2863 κινῶσι
2558 2809 2694 2880 πρὸς
2724 2812 2845 2863 toi»:
2883 2811 3046 2871 ὄντας
3100 2813 3219 2863 ἐκεῖ
3249 2810 3613 2873 ἐπισκόπους,
3650 2813 3783 2864 τότε

2188 2902 2284 2955 καὶ
2316 2902 2411 2970 τῆς
2433 2902 2529 2954 τοῦ
2556 2901 2939 2971 πρεσϐυτέρου
2972 2905 3136 2972 τιμῆς
3177 2901 3492 2972 στερεῖσθαι
3544 2903 3782 2969 αὖτοὺς,

2189 2993 2282 3047 καὶ
2312 2992 2560 3059 γίνεσθαι
2598 2993 3001 3064 ἐκκηρύκτους,
3055 2994 3307 3046 τουτέστι
3348 2994 3442 3047 καὶ
3487 2994 3590 3064 τῆς
3651 2996 3784 3047 Ἐκ-

2188 3083 2418 3152 κλησίας
2441 3085 2777 3148 ἐκπτώτους.

503 3179 735 3235 ARiST.
776 3199 793 3232 ι
831 3180 1135 3251 Episcopus
1165 3184 1525 3247 constitutus,
1573 3182 1618 3236 si
1663 3181 1729 3236 ab
1760 3184 1996 3237 ecclesia
2029 3183 2079 3237 in

2188 3176 2408 3232 ΑΡΙΣΤ.
2470 3197 2488 3229 ι
2543 3180 2602 3232 '0
2643 3179 2948 3242 ἐπίσκοπος
2984 3178 3297 3245 καταστὰς,
3340 3180 3389 3232 εἰ
3437 3179 3499 3231 ού
3554 3179 3787 3251 δέχεται

579 3289 601 3323 σ
637 3286 801 3342 quam
834 3273 1043 3326 electus
1073 3281 1177 3338 est,
1212 3289 1321 3326 non
1349 3273 1664 3343 recipiatur,
1700 3272 1793 3327 sed
1826 3272 1948 3328 aliis
1974 3274 2088 3342 epi-

578 3382 602 3415 ι
644 3365 829 3433 scopis
864 3365 1171 3418 molesdam
1223 3365 1499 3429 exhibeat,
1552 3367 2084 3420 excommunicetur.

582 3474 601 3505 ι
647 3454 703 3507 Si
735 3472 864 3510 vero
901 3457 1233 3528 presbyteris
1256 3459 1608 3512 annumerari
1642 3459 1790 3523 velit,
1822 3474 2088 3514 annume-

591 3563 611 3598 ι
651 3558 825 3601 retur.
862 3551 931 3602 At
962 3548 1008 3604 si
1042 3548 1114 3602 ab
1145 3550 1418 3618 episcopis
1462 3550 1533 3603 ibi
1571 3551 1888 3606 constitutis
1921 3551 2088 3607 dissi-

581 3656 600 3688 ι
639 3638 785 3703 deat,
816 3640 980 3693 etiam
1013 3641 1317 3710 presbyteri
1356 3640 1567 3697 honore
1597 3642 1869 3711 privetur.
1918 3661 1938 3695 ι

573 3814 739 3889 396
769 3819 871 3885 Qui
917 3820 1209 3888 episcopus
1240 3819 1318 3886 iit,
1361 3829 1414 3875 et
1460 3836 1569 3875 non
1647 3833 1905 3891 acceptus
1946 3831 2030 3878 est
2059 3838 2087 3877 a

502 3913 706 3981 populo
759 3911 921 3979 cujus
975 3927 1165 3965 curam
1225 3912 1332 3967 sibi
1384 3912 1544 3967 habet
1590 3916 1987 3977 commissam,
2041 3913 2087 3969 si

502 4019 801 4076 aggressus
830 4004 994 4058 l'uerit
1029 4006 1085 4058 in
1115 4005 1345 4060 alterius
1372 4007 1612 4073 paruacia
1643 4023 1844 4061 munus
1880 4007 2087 4077 aliquid

500 4097 817 4166 episcopale
860 4095 1038 4161 obire,
1085 4105 1143 4151 et
1187 4097 1262 4151 ibi
1306 4099 1627 4154 constitutis
1680 4100 1954 4170 episcopis
2004 4111 2089 4155 tu-

501 4189 736 4242 multum
772 4189 1011 4256 aliquem
1067 4187 1356 4254 inducere,
1386 4193 1783 4261 segregabitur.
1817 4192 1871 4246 Si
1909 4204 2089 4246 autem

501 4282 645 4337 inter
666 4280 1018 4352 presbyteros
1070 4283 1350 4338 reccnseri
1380 4284 1528 4348 velit,
1547 4295 1747 4337 etcum
1772 4287 1854 4341 eis
1874 4287 2088 4351 sedere,

500 4384 549 4428 et
579 4375 781 4443 aequali
825 4374 1067 4446 gaudere
1108 4376 1339 4441 honore,
1381 4377 1449 4431 iis
1479 4380 1986 4433 connumerabitur.
2032 4381 2089 4435 Si

2265 3291 2283 3324 ι
2327 3271 2479 3341 παρά
2502 3274 2598 3341 τῆς
2628 3272 2926 3341 παροικίας
2957 3274 3035 3335 είς
3066 3272 3131 3342 ἦν
3158 3271 3387 3342 ἐκλήθη,
3426 3271 3784 3342 ἀλλ’ἐτέροις

2266 3382 2284 3416 ι
2324 3364 2647 3424 ἐπισκόποις
2721 3362 2951 3432 ἐνοχλεῖ,
3008 3362 3374 3433 ἀφοριζέσθω.
3432 3364 3495 3415 Εἰ
3545 3363 3603 3415 δέ
3663 3368 3785 3428 τοῖς

2266 3472 2284 3505 ι
2325 3454 2718 3526 πρεσὸυτέροις
2767 3453 2945 3507 ἐθέλει
2990 3453 3472 3523 συναριθμεῖσθαι,
3515 3457 3784 3526 συναριθ-

2264 3563 2284 3597 ι
2326 3546 2537 3615 μείσθω
2565 3563 2577 3576 ·
2618 3547 2665 3597 εἰ
2718 3545 2775 3598 δὲ
2833 3546 2927 3599 καὶ
2979 3547 3093 3608 τοῖς
3149 3547 3269 3599 ἐκεῖ
3305 3547 3629 3611 ἐπισκόποις
3661 3549 3752 3600 δια

2268 3656 2287 3689 ι
2331 3636 2639 3705 στασιάζοι,
2691 3637 3026 3692 ἀπωθείσοω
3089 3641 3183 3691 καὶ
3233 3640 3329 3710 τῆς
3385 3639 3741 3709 πρεσϐυτέρο

2267 3749 2285 3783 ι
2331 3731 2518 3800 τιμῆς.
2555 3748 2574 3782 ι

2273 3823 2331 3878 '0
2355 3826 2643 3893 γενόμενος
2665 3824 2984 3887 ἐπίσκοπος,
3014 3822 3108 3877 καὶ
3136 3824 3212 3893 μὴ
3235 3824 3591 3894 προσδεχθεὶς
3617 3843 3735 3895 παρ

2188 3915 2283 3970 τοῦ
2320 3913 2471 3981 λαοῦ,
2529 3909 2601 3969 ὧν
2637 3914 2735 3986 τὴν
2770 3915 3021 3985 φροντίδα
3056 3916 3418 3985 ἐνεχειρίσθη,
3462 3917 3511 3968 εί
3564 3918 3767 3986 ἐπιχει-

2194 4009 2351 4079 ρήσει
2385 4009 2445 4061 ἐν
2470 4006 2729 4078 ἀλλοτρίᾳ
2756 4006 3019 4078 παροικίᾳ
3076 4007 3440 4060 ἐπισκοπικόν
3482 4025 3533 4059 τι
3561 4007 3733 4059 δίκαιι

2191 4099 2507 4170 ἐνεργῆσαι,
2541 4098 2635 4151 καὶ
2669 4101 2782 4161 τοῖς
2816 4100 2993 4151 ἐκεῖσε
3029 4098 3354 4162 ἐπισκόποις
3387 4098 3614 4168 ὄχλησίν
3649 4116 3760 4152 τινα.

2196 4191 2519 4257 ἐπαγαγεῖν,
2558 4188 3013 4259 ἀφορισθήσεται.
3036 4189 3095 4240 Ei
3126 4189 3184 4241 δὲ
3210 4189 3352 4257 μετά
3382 4189 3491 4241 τῶν
3525 4190 3743 4258 πρεσϐυ

2190 4283 2367 4350 τέρων
2406 4280 2580 4333 ἐθέλει
2612 4279 3083 4350 συναριθμεῖσθαι,
3123 4281 3217 4333 καὶ
3247 4279 3633 4350 συγκαθῆσοαι
3665 4282 3737 4333 αὐ

2191 4376 2325 4437 τοῖς,
2359 4373 2455 4427 κα.)⁴
2484 4375 2580 4444 τῆς
2611 4374 2732 4444 ίσης
2765 4373 3064 4427 ἀπολαύειν
3103 4373 3297 4441 τιμῆς,
3351 4374 3746 4443 συγκαταλεγή

501 4476 685 4522 autem
733 4474 926 4523 contra
961 4469 1252 4538 episcopos
1305 4469 1376 4523 ibi
1424 4470 1759 4525 constitutos
1786 4471 2079 4528 seditiones

2196 4488 2347 4523 σεται
2382 4470 2613 4533 τούτοις.
2647 4470 2708 4522 Εἰ
2734 4469 2790 4522 δέ
2826 4469 2920 4522 καὶ
2952 4469 3087 4537 πρὸς
3115 4468 3242 4530 τοὺς
3269 4468 3451 4519 ἐκεῖσε
3486 4466 3744 4520 καθεστῶ

500 4558 725 4622 excitet,
756 4567 810 4612 et
847 4559 939 4627 jus
984 4557 1198 4627 aliquid
1246 4558 1561 4626 episcopale
1616 4568 1862 4629 usurpet,
1917 4563 2079 4616 etiam

500 4651 609 4704 isto
636 4652 1084 4721 presbyterorum
1130 4649 1340 4703 honore
1385 4648 1715 4718 privabitur,
1742 4660 1793 4706 et
1824 4668 2079 4724 segrega-

504 4741 670 4794 bitur.

1083 4916 1313 4972 CAVON
1356 4918 1493 4973 XIX.

506 5021 527 5058 ι
568 5005 891 5076 Quicunque
917 4996 1282 5078 virginitatem
1311 5012 1651 5081 proﬁtentes,
1680 5014 2078 5083 professionem

585 5120 604 5151 ι
643 5117 797 5155 suam
842 5102 1053 5158 irritam
1104 5105 1361 5171 reddunt,
1410 5107 1444 5161 ii
1494 5109 1835 5179 bigamorum
1882 5110 2080 5165 deﬁni-

578 5213 597 5244 ι
640 5194 901 5250 nitionem
938 5198 1225 5266 impleant.
1277 5198 1530 5271 Virgines
1562 5213 1766 5267 autem,
1799 5219 1920 5273 qua:
1951 5219 2076 5258 cum

580 5306 599 5337 ι
638 5287 965 5355 quibusdam
1015 5299 1278 5361 tanquam
1326 5308 1452 5348 cum
1490 5292 1755 5351 fratribus
1785 5297 2077 5367 congredi-

578 5398 597 5433 ι
642 5390 825 5447 untur,
860 5383 1261 5451 prohibuimus.
1305 5406 1323 5438 ›

2188 4581 2286 4626 τας
2359 4564 2691 4623 ἐπισκόπους
2762 4560 3175 4625 διαστασιάζει,
3248 4560 3343 4612 καὶ
3437 4560 3737 4611 ἐπισκοπικ

2186 4674 2310 4709 τινα
2367 4656 2551 4709 δίκαια
2621 4652 2958 4724 ὑφαρπάζει,
3020 4654 3113 4706 καὶ
3171 4651 3269 4723 τὴν
3334 4650 3501 4721 τιμὴν
3564 4650 3771 4721 ταύτῃ.

2186 4750 2296 4802 τῶν
2362 4746 2755 4818 πρεσϐυτέρων
2811 4745 3266 4817 ἀφαιρεθήσεται,
3327 4743 3426 4797 καὶ
3472 4744 3751 4815 ἀφορισθή

2188 4855 2357 4892 σεται.

2791 4927 3025 4981 ΚΛΝΩΝ
3061 4927 3161 4983 ιθυ.

2196 5043 2215 5077 t
2260 5024 2437 5087 Ὅσοι,
2492 5023 2797 5093 παρθενίαν
2853 5008 3347 5091 ἐπαγγελλόμενοι,
3381 5019 3638 5074 ἀθετοῦσι
3670 5021 3772 5091 τὴ.

2269 5135 2287 5167 ι
2327 5115 2686 5183 ἐπαγγελίαν,
2725 5114 2817 5168 τὸν
2846 5113 2955 5167 τῶν
3008 5114 3256 5183 διγάμων
3302 5115 3427 5184 ὅρον
3460 5113 3787 5183 ἐκπληρούα

2266 5228 2285 5262 ι
2330 5226 2532 5263 τωσαν.
2593 5209 2706 5271 Τὰς
2766 5209 2949 5278 μέντοι
3002 5208 3404 5278 συνερχομένας
3461 5207 3785 5278 παρθένου-λ’

2264 5323 2283 5354 r
2320 5303 2483 5367 τισὶν,
2519 5300 2593 5366 ὡς
2618 5301 2869 5373 ἀδελφοῖς
2902 5300 3037 5371 (86),
3065 5301 3441 5371 ἐκωλύσαμεν.
3484 5319 3501 5351 ι

1737 5474 1925 5563 Guill.
1972 5499 2296 5579 Beveregii
2323 5508 2513 5563 notae.

582 5620 694 5683 (86)
741 5619 837 5683 Ὠς
884 5618 1530 5688 ἁδε.1ςσοῖς.8ῖορτσδιει·
1572 5620 1929 5675 Bodleiannm
1982 5640 2079 5675 no-

505 5678 687 5741 strnm
716 5678 981 5749 codicem,
1012 5678 1354 5745 diten‘ensis
1384 5692 1547 5745 etiam
1576 5693 1719 5757 legit,
1748 5708 1874 5744 nam
1909 5691 2079 5746 Tilia-

510 5771 614 5813 nus
658 5758 926 5815 llcivettts
967 5763 1149 5829 vertit,
1177 5771 1428 5830 tanquam
1464 5778 1581 5815 cum
1633 5760 1911 5832 fratribus.
1971 5763 2075 5818 Sed

2188 5638 2290 5677 nis.
2330 5622 2796 5676 Amerbachianns
2822 5620 2953 5684 legit
2985 5620 3269 5689 ἀδελφούς.
3303 5619 3545 5674 Joannes
3574 5621 3780 5676 Antio-

2185 5694 2395 5747 cbenus
2426 5706 2479 5746 et
2511 5693 2837 5747 Parisiensis
2867 5692 3067 5760 pariter
3118 5699 3282 5759 atque
3315 5690 3539 5745 Zonarae
3569 5692 3777 5759 editio;

2186 5762 2263 5826 ὡς
2292 5763 2555 5833 ἀδελφάς.
2624 5761 2688 5817 Ει
2723 5762 2803 5819 sic
2836 5776 2968 5817 sane
2998 5776 3188 5817 omnes
3228 5760 3404 5816 Latini
3436 5763 3779 5834 interpretes
