4076 6406
549 311 690 382 1189

1813 312 2094 374 ΤΗΕΟΙ).
2140 312 2231 370 ΒΑ
2245 314 2376 372 LSA
2389 313 2541 373 ΜΘΝ

3661 315 3820 384 1184

544 426 775 484 ARIST.
814 445 833 478 ι
872 428 973 492 Qui
1002 425 1366 496 virginitatem
1397 423 1680 496 professus
1709 437 1816 488 est,
1851 436 1904 481 et
1934 434 2118 478 vottnn

2246 425 2463 479 ΛΡΙΣΤ.
2503 445 2520 478 ι
2564 427 2620 480 ’0
2664 425 3134 499 ἐπαγγειλάμενος
3190 427 3518 500 παρθενίαν,
3557 431 3654 484 καὶ
3677 431 3820 486 ἀθε-

622 538 641 573 ι
679 521 894 575 irritum
943 517 1096 582 facit,
1132 516 1500 586 quadriennio
1537 525 1877 588 segregctur.
1916 517 1982 571 Ει
2013 517 2126 570 vir-

629 631 647 664 ι
685 614 837 682 gines
887 612 953 668 ad
1004 612 1220 682 aliquos
1276 619 1537 682 tanquam
1594 611 1796 666 natres
1845 626 1912 664 ne
1968 625 2126 664 acce-

625 724 643 756 ι
683 704 836 758 dant.
881 721 900 755 ι

619 797 721 850 Hic
749 795 967 866 quidem
991 811 1170 850 canon
1205 796 1257 850 in
1287 795 1574 849 latitudine
1609 811 1702 849 sua
1735 811 1859 851 eum
1895 796 1986 863 qui
2019 797 2130 848 vir-

550 888 832 955 ginitatem
857 886 1137 956 professus
1163 894 1269 950 est,
1294 901 1526 952 eamque
1551 885 1753 952 rejicit,
1784 885 2126 953 digatnorun!

549 977 920 1030 definitionem
945 977 1169 1044 explere
1192 976 1367 1044 jubet.
1401 975 1606 1040 Digami
1634 986 1817 1030 autem
1853 991 2035 1044 pceua,
2069 987 2127 1030 ut

550 1070 680 1124 dicit
711 1079 936 1138 quartus
975 1067 1162 1122 Basilii
1199 1053 1385 1136 magni
1418 1083 1623 1133 canon,
1663 1066 1769 1121 hoc
1804 1078 1909 1128 est,
1937 1084 2131 1136 nempe

549 1175 697 1214 anno
724 1158 1002 1229 segregari
1040 1175 1055 1211 :
1085 1155 1338 1227 quamvis
1375 1157 1464 1210 alii
1499 1157 1720 1210 Patrum
1751 1174 1874 1212 eum
1910 1157 2129 1210 biennio

550 1259 857 1321 segregant.
904 1251 1010 1304 Sed
1045 1248 1185 1303 idem
1217 1247 1456 1302 Basilius
1485 1264 1713 1317 magnus
1743 1253 1794 1302 in
1833 1249 2129 1302 undevice-

552 1345 694 1397 simo
715 1359 816 1397 suo
843 1357 1054 1397 canone
1083 1341 1241 1396 docet
1272 1341 1419 1410 quod
1451 1342 1694 1394 virorum
1727 1342 1794 1396 de
1822 1343 2130 1413 virginitate

556 1437 926 1506 professiones
991 1451 1100 1488 non
1138 1435 1411 1500 novimus,
1441 1443 1800 1504 praeterquam
1840 1436 1885 1490 si
1919 1435 2010 1504 qui
2046 1452 2132 1490 se-

553 1527 705 1595 ipsos
740 1525 1133 1578 monathOrum
1170 1522 1346 1577 ordini
1378 1533 1779 1579 connumerant
1809 1541 1822 1578 :
1855 1525 1949 1580 sed
1980 1536 2032 1579 et
2064 1527 2133 1581 .le

553 1615 688 1670 viris
732 1603 852 1670 istis
886 1615 977 1684 qui
1013 1611 1332 1667 caelibatum
1381 1612 1618 1683 professi
1663 1625 1795 1669 sunt
1841 1626 2130 1671 consenta-

553 1723 716 1763 neum
765 1708 1004 1771 videtur,
1047 1715 1107 1760 ut
1157 1697 1259 1774 ipsl
1311 1707 1746 1774 interrogentur,
1792 1715 1846 1764 et
1902 1701 2130 1766 evidens

553 1799 716 1868 397
769 1814 960 1852 eorum
1019 1797 1350 1868 accipiatur.
1371 1786 1662 1868 professio,
1728 1802 1787 1854 ut
1838 1813 2131 1872 postquam

555 1890 958 1961 professionem
995 1906 1150 1946 suam
1191 1891 1402 1944 irritam
1447 1892 1706 1958 fecerint,
1740 1899 1795 1947 et
1835 1893 1902 1947 ad
1937 1909 2136 1949 carna-

557 1983 660 2036 lem
705 1991 760 2038 et
810 1982 1174 2051 voluptariam
1237 1981 1896 2049 vitam‘retroeesserint,
1946 2001 2133 2042 eorum

556 2076 651 2144 qui
685 2067 1026 2130 fornicamur
1055 2089 1229 2144 patum
1269 2074 1662 2144 subjiciuntur.
1699 2077 1800 2144 Qui
1837 2079 1998 2150 hujus
2031 2080 2136 2133 ita-

555 2183 664 2238 que
693 2168 917 2223 canonis
942 2167 1224 2239 synopsim
1258 2166 1390 2222 fecit
1417 2168 1762 2238 digamorum
1793 2172 2130 2242 segregatio-

557 2274 682 2315 netn
719 2260 772 2314 in
821 2259 1114 2314 latitudine
1149 2260 1384 2329 positam
1433 2260 1488 2314 in
1539 2275 1662 2314 emn
1707 2262 1798 2330 qui
1847 2263 2138 2322 cualibatus

559 2350 959 2420 professionem
989 2351 1196 2406 irritant
1229 2351 1359 2408 facit
1386 2354 1682 2408 transtulit.
1715 2353 1874 2420 Quod
1906 2366 2084 2411 autem
2107 2373 2138 2411 a

559 2441 759 2496 Basilio
816 2458 1013 2514 magno
1064 2443 1322 2510 infertur,
1371 2445 1462 2500 tali
1517 2449 1834 2518 apponitur,
1885 2449 2139 2504 videlicet

558 2533 958 2589 fornicatorum
1010 2551 1194 2605 poena.
1229 2535 1472 2590 Tandem
1508 2547 1688 2591 autem
1739 2539 1931 2592 talium
1979 2548 2139 2608 pinna

557 2637 764 2697 septem
801 2633 882 2682 est
920 2643 1213 2693 annorum,
1249 2629 1368 2684 istis
1399 2630 1537 2686 duos
1579 2646 1752 2687 annos
1785 2632 2137 2699 deflentibus,

558 2723 697 2772 duos
723 2719 1098 2782 audientibus,
1138 2719 1279 2775 alios
1316 2731 1494 2776 autem
1546 2722 1686 2776 duos
1733 2725 2046 2791 substratis,
2087 2737 2141 2780 et

559 2809 613 2860 in
655 2824 821 2862 unum
857 2824 977 2863 emn
1007 2809 1256 2865 fidelibus
1284 2811 1738 2880 consistentibus,
1770 2824 1968 2870 octavo
2014 2833 2142 2872 vero

560 2901 628 2955 ad
687 2911 1164 2958 sacramentorum
1215 2905 1694 2974 participationem
1743 2908 2026 2972 admissis,
2085 2919 2143 2962 ut

558 2993 1058 3064 quinquagesimus
1088 2993 1335 3066 ejusdem
1367 2997 1555 3052 Basilii
1591 3000 1774 3070 magni
1805 2989 1981 3055 canon
2025 3013 2141 3056 Sta-

2307 536 2324 568 ι
2359 518 2489 580 τῶν,
2523 518 2844 588 τετραετίαν
2876 513 3247 589 ἀφοριξέσθω·
3295 509 3391 574 κᾶὶ
3421 522 3478 574 αι
3510 524 3816 594 παρθένοι,

2309 626 2328 659 ι
2361 607 2437 671 ὡς
2469 609 2719 677 ἀδελφοῖς
2758 626 2869 662 τισι
2899 611 2974 681 μὴ
3018 609 3397 682 προσίτωσαν.
3435 631 3458 666 ι

2313 789 2370 841 '0
2402 789 2502 858 μὲν
2546 787 2726 841 κανὼν
2768 779 2946 854 οὗτος,
3003 791 3061 842 ὲν
3115 791 3192 858 τῷ
3244 782 3438 845 πλάτει
3479 793 3570 845 τὸν
3629 795 3821 862 ἐπαγε-

2231 879 2556 949 γειλάμενον
2593 872 2918 950 παρθενίαν,
2973 879 3069 932 καὶ
3135 881 3434 934 dem-3m
3475 885 3673 952 αὐτὴν,
3721 886 3824 938 τὸν

2232 972 2341 1024 τῶν
2392 973 2641 1040 διγάμων
2669 975 2795 1042 ὅρον
2833 962 3144 1042 ὲκπληροῧν
3187 975 3433 1028 ἀπαιτεῖ.
3472 977 3545 1028 Τὸ
3595 977 3652 1029 δὲ
3690 981 3825 1031 sm-

2231 1065 2412 1134 τίμιον
2443 1067 2537 1118 τοῦ
2562 1067 2819 1134 διγάμου,
2845 1055 2920 1128 ὡς
2950 1067 2976 1117 6
3008 1067 3275 1135 τέταρτος
3299 1067 3481 1120 κανὼν
3509 1070 3602 1122 τοῦ
3633 1073 3824 1138 μεγά-

2232 1159 2324 1212 λου
2362 1160 2644 1211 Βασιλείου
2698 1159 2850 1227 λέγει
2902 1160 3060 1213 τοῦτό
3098 1162 3258 1212 ἐστι⁹
3299 1162 3359 1213 τὸ
3413 1162 3504 1212 ἐπὶ
3560 1165 3821 1216 ἐνιαυτὸν

2231 1249 2590 1319 ἀφορίζεσθαι
2619 1265 2633 1279 ⁶
2668 1249 2774 1302 κᾶν
2809 1250 2958 1303 ἄλλοι
2999 1250 3107 1302 τῶν
3140 1251 3397 1320 Πατέρων
3433 1253 3526 1303 ἐπὶ
3597 1255 3818 1306 διετίαν

2231 1339 2422 1392 τοῦτον
2455 1338 2764 1409 ἀφώρισαν.
2830 1339 2887 1393 Ὀ
2910 1341 2965 1393 δὲ
2994 1341 3157 1402 αὐτὸς
3187 1343 3362 1410 μέγας
3414 1342 3718 1409 Βασίλειος,
3753 1347 3818 1398 ἐν

2231 1431 2310 1502 τῷ
2372 1433 2838 1503 ἐννεακαιδεκάτῳ
2891 1434 3077 1487 κανόνι
3125 1436 3294 1487 αὐτοῦ
3351 1437 3683 1506 παρίστησιν
3734 1439 3817 1502 ὡς

2246 1521 2575 1593 Ὁμολογίας
2601 1525 2811 1594 ἀνδρῶν
2836 1527 2962 1595 περὶ
2997 1526 3295 1596 παρθενίας
3323 1529 3423 1580 οὐκ
3449 1528 3726 1599 ἔγνωμεν·
3761 1535 3815 1585 εξ

2236 1618 2310 1687 μή
2344 1617 2447 1669 πού
2483 1634 2629 1680 τινες
2663 1617 2896 1681 ἑαυτοὺς
2927 1619 3004 1687 τῷ
3031 1620 3138 1672 τῶν
3171 1621 3515 1687 μοναζόντων
3569 1623 3822 1690 τάγματι

2237 1709 2689 1780 κατηρίθμησαν·
2751 1710 2891 1780 πλὴν
2925 1713 3020 1762 καὶ
3075 1712 3164 1762 ἐπ’
3213 1713 3394 1778 αὑτῶν
3438 1714 3549 1765 τῶν
3605 1715 3828 1784 ἀνδρῶν

2239 1801 2545 1872 παρθενίαν
2575 1796 3092 1870 ἐπαγγελλομένων,
3127 1802 3306 1852 ἐκεῖνο
3347 1803 3632 1872 προσῆκον
3664 1807 3825 1873 ἡγεῖ-

2235 1898 2328 1946 ται
2363 1888 2527 1952 εἶναι,
2551 1882 2611 1944 τδ
2639 1893 2951 1960 ἐρωτᾶσθαι
2996 1881 3220 1957 αὐτοὺς,
3264 1893 3355 1944 καὶ
3394 1893 3496 1962 τὴν
3522 1888 3828 1964 ὁμολογίαν

2237 1985 2422 2039 αὐτῶν
2466 1986 2671 2056 ἐναργῆ
2707 1985 3042 2054 λαμϐάνειν*
3083 1976 3254 2049 ὥστε,
3289 1987 3512 2039 ἐπειδὰν
3551 1989 3653 2056 τὴν
3689 1991 3830 2055 6;.‘0-

2239 2077 2427 2144 λογίαν
2457 2076 2638 2130 αὐτῶν
2680 2077 3016 2146 ἀθετήσωσι,
3062 2077 3156 2129 καὶ
3201 2075 3338 2146 πρὸς
3371 2076 3460 2128 τὸν
3481 2067 3830 2146 φιλόσαρκον

2239 2171 2333 2223 καὶ
2366 2170 2611 2240 ἡδονικειν
2637 2169 2750 2238 βίον
2788 2169 3156 2238 μετατεοῶσι,
3183 2166 3260 2237 τῷ
3295 2166 3402 2219 τῶν
3440 2169 3832 2240 πορνευόντων

2241 2263 2508 2334 ἐπιτιμίῳ
2552 2264 2749 2325 αὐτοὺς
2780 2261 3221 2327 καθυπάγεσἿαι.
3265 2261 3324 2312 Ὀ
3359 2258 3491 2328 γοῦν
3525 2261 3834 2328 συνοψίσας

2238 2354 2330 2408 τὸν
2360 2355 2610 2426 παρόντα
2646 2355 2848 2407 κανόνα
2871 2352 2961 2407 τὸν
3012 2353 3109 2421 μὲν
3141 2354 3198 2404 ἐν
3225 2351 3303 2422 τῷ
3340 2353 3535 2406 πλάτει
3567 2354 3836 2422 κείμενον

2241 2444 2552 2515 ἀφορισμὸν
2597 2444 2707 2498 τῶν
2749 2444 2998 2515 διγάμων
3046 2443 3124 2512 τῷ
3159 2441 3440 2496 ἁθετοῦντι
3479 2443 3579 2510 τὴν
3612 2443 3833 2512 παρθε-

2243 2531 2362 2591 νίαν
2395 2531 2718 2608 παρέδραμε
2742 2555 2756 2569 ο
2797 2538 2858 2590 τὸ
2885 2537 2937 2590 δὲ
2969 2537 3116 2606 παρὰ
3140 2537 3232 2588 τοῦ
3263 2535 3505 2606 μεγάλου
3537 2534 3832 2588 Βασιλείου

2242 2629 2590 2698 ἐπαγόμενον
2623 2629 2700 2698 τῷ
2741 2627 2973 2698 τοιούτῳ
3010 2627 3310 2696 προσέθετο
3335 2641 3346 2652 °
3390 2621 3560 2696 ἤγουν
3608 2625 3671 2678 τὸ
3713 2627 3835 2679 τῶν

2245 2723 2630 2792 πορνευόντων
2670 2721 2966 2789 ἐπιτίμιον.
3006 2719 3159 2772 Ἐπεὶ
3189 2718 3246 2772 δὲ
3275 2719 3307 2788 ἡ
3339 2719 3667 2787 ἐπιτίμησις
3719 2720 3837 2772 τῶν

2243 2813 2502 2866 τοιούτων
2534 2815 2592 2865 ἐν
2630 2814 2771 2865 ἑπτά
2796 2815 2942 2863 ἐστιν
2971 2811 3116 2864 ἔτεσι
3143 2828 3154 2840 ·
3184 2811 3278 2862 δύο
3315 2809 3412 2863 μὲν
3447 2811 3835 2877 προσκλαιόν-

2243 2922 2374 2968 των,
2407 2904 2502 2957 δύο
2548 2905 2602 2956 δὲ
2629 2904 3022 2973 ἀκροωμένων,
3056 2904 3144 2973 ἐφ’
3179 2905 3392 2976 ἑτέροις
3418 2905 3474 2958 δὲ
3501 2905 3659 2958 δυσὶν
3686 2904 3838 2957 ὑπο-

2247 2997 2580 3060 πιπτόντων,
2610 2998 2704 3049 καὶ
2734 2997 2793 3048 ἐν
2837 2997 2917 3049 ἐνὶ
2963 2999 3080 3061 τοῖς
3134 3000 3349 3061 πιστοῖς
3386 2997 3837 3066 συνισταμένων,

559 3082 686 3138 tuit.
724 3079 1084 3140 Inveniuntur
1130 3096 1312 3142 autem
1365 3089 1697 3159 quandoque
1749 3092 1994 3146 nonnulli
2049 3096 2140 3163 qui

2246 3082 2321 3160 τῷ
2343 3091 2398 3144 δὲ
2441 3090 2610 3159 ὀγδόῳ
2640 3089 3108 3160 παραδεχομένων
3154 3091 3233 3152 εἰς
3277 3090 3378 3160 τὴν
3421 3089 3661 3159 μετοχὴν
3722 3090 3844 3141 τῶν

559 3175 947 3232 fornicationis
976 3193 1150 3248 paenae
1183 3181 1408 3235 obnoxii
1445 3189 1596 3246 sunt,
1630 3193 1684 3236 et
1714 3195 1954 3253 quatuor
1985 3190 2145 3243 annis

558 3275 899 3340 castigantur
934 3290 946 3325 :
981 3290 1092 3328 uno
1123 3276 1344 3344 quidem
1392 3276 1658 3332 deflentes
1705 3289 1861 3334 extra
1901 3284 2146 3339 ecclesia:

559 3364 829 3416 ambitum
885 3375 1119 3431 stantes,
1170 3371 1414 3423 secundo
1461 3380 1642 3423 autem
1693 3371 1761 3424 ad
1812 3374 2144 3428 auditionem

560 3457 830 3522 admissi,
883 3458 1044 3512 tertio
1101 3459 1167 3514 ad
1215 3461 1593 3530 paenitentiam
1659 3479 1782 3517 cum
1851 3467 2147 3524 substratis

563 3547 838 3612 collocati,
891 3559 1090 3618 quarto
1131 3558 1315 3605 autem
1363 3566 1487 3605 cum
1538 3555 1738 3622 populo
1783 3559 2146 3622 conveniunt,

564 3638 633 3693 ab
665 3639 941 3694 oblatione
977 3643 1322 3698 abstinentes
1351 3662 1365 3708 ;
1408 3653 1462 3699 et
1496 3645 1548 3698 in
1597 3647 1792 3713 quinto
1827 3649 1956 3703 boni
1999 3667 2148 3706 come

563 3731 879 3787 ‘munionem
912 3743 1315 3803 consequentes
1343 3752 1356 3789 :
1399 3744 1455 3790 ut
1483 3737 1575 3805 qui
1605 3739 1863 3795 mulieres
1899 3742 1980 3797 vel
2009 3743 2146 3796 clam

566 3823 652 3876 vel
688 3823 736 3877 vi
783 3837 810 3876 a
841 3838 901 3877 se
936 3825 1160 3882 vitiatas
1199 3827 1424 3888 habent,
1455 3831 1916 3897 quemmlmodum
1949 3833 2151 3888 vicesi-

567 3931 689 3969 mus
713 3919 990 3971 secnndus
1011 3918 1260 3986 ejusdem
1285 3921 1459 3974 sancti
1483 3936 1660 3976 canon
1687 3925 1898 3977 statuit.
1927 3923 2138 3978 Secun-

567 4007 696 4062 dum
729 4009 881 4063 illum
912 4026 1204 4076 canonem,
1235 4021 1294 4064 ut
1325 4011 1562 4078 videtur,
1593 4016 1684 4082 qui
1721 4016 1884 4084 hujus
1920 4018 2151 4072 canonis

567 4100 846 4169 synOpSim
908 4099 1056 4167 fecit,
1113 4101 1382 4156 minorem
1443 4099 1847 4157 fornicatornm
1907 4121 2148 4173 pinnam,

567 4194 685 4249 sive
735 4195 1160 4264 quadriennium
1214 4198 1492 4266 apposuit.
1550 4197 1811 4252 Prohibet
1861 4207 2042 4253 autem
2101 4208 2154 4254 et

570 4287 659 4340 hic
695 4302 872 4341 canon
908 4290 1145 4359 virgines
1176 4304 1302 4344 cum
1343 4290 1477 4346 viris
1513 4290 1620 4346 sub
1653 4305 1987 4359 quocunque
2017 4307 2156 4362 prae-

569 4387 722 4433 textu
753 4383 1091 4437 conversari.

2248 3181 2632 3251 ἀγιαςμάτων,
2666 3179 2848 3242 καθὼς
2889 3181 2917 3232 6
2949 3179 3317 3249 πεντηκοστὸς
3345 3181 3566 3242 ἕννατος
3607 3177 3704 3231 τοῦ
3735 3179 3848 3232 αὑ-

2248 3263 2346 3324 τοῖο
2371 3271 2612 3341 μεγάλου
2657 3270 2938 3323 Βασιλείου
2969 3269 3150 3323 κανὼν
3178 3269 3473 3340 διορίζεται
3507 3285 3521 3299 ·
3548 3269 3846 3337 εὑρίσκονο

2249 3375 2341 3418 ται
2385 3366 2438 3418 δέ
2465 3382 2600 3417 ποτε
2653 3365 2745 3418 καί
2800 3380 2944 3426 τινες
2997 3364 3076 3434 τῷ
3106 3366 3203 3432 τῆς
3263 3364 3522 3436 πορνείας
3567 3363 3845 3433 ἐπιτιμίῳ

2250 3458 2549 3512 ὑπεύθυνοι
2581 3459 2756 3524 δντες,
2807 3459 2901 3512 καὶ
2944 3460 3000 3511 ὲν
3022 3459 3323 3528 τέσσαρσιν
3358 3457 3504 3510 ἔτεσι
3525 3457 3622 3524 τὴν
3655 3456 3846 3508 ἐπιτί-

2253 3568 2418 3621 μησιν
2453 3551 2704 3621 ἔχοντες·
2749 3555 2806 3605 ὲν
2839 3543 2919 3603 ἐνὶ
2955 3551 3010 3604 δὲ
3062 3550 3520 3621 προσκλαίοντες,
3561 3543 3668 3613 ἔξω
3727 3550 3846 3602 τῶν

2251 3646 2566 3714 περιϐόλων
2596 3644 2696 3712 τῆς
2734 3643 3034 3714 ἐκκλησίας
3069 3637 3373 3711 ίστάμενει,
3404 3644 3460 3694 ὲν
3491 3641 3545 3693 δὲ
3602 3641 3678 3710 τῷ
3712 3641 3847 3693 δευη

2252 3739 2396 3808 τέρῳ
2422 3739 2500 3802 είς
2542 3739 2810 3809 ἀκρόασιν
2854 3735 3312 3805 παραδεχόμενοι,
3340 3734 3399 3786 ὲν
3428 3731 3721 3803 τῴτρίτῳ
3757 3735 3845 3795 εἰς

2257 3831 2548 3900 μετάνοιαν
2582 3832 2721 3900 μετὰ
2746 3830 2856 3883 τῶν
2883 3828 3321 3882 ὑποπιπτόντων
3373 3825 3700 3892 ταττόμενοι
3725 3840 3739 3851 ·
3783 3828 3845 3876 ἐν

2251 3925 2306 3978 δὲ
2352 3923 2423 3993 τῷ
2459 3923 2706 3993 τετάρτῳ
2751 3925 2837 3986 εἰς
2904 3922 3167 3974 σύστασιν
3205 3919 3343 3988 μετὰ
3393 3918 3485 3970 τοῦ
3539 3915 3694 3980 λαοῦ,
3736 3918 3846 3985 τῆς

2255 4018 2578 4086 προσφορᾶς
2640 4017 3018 4085 ἀπεχόμενοι·
3080 4013 3170 4064 καὶ
3231 4014 3287 4064 ἐν
3335 4030 3410 4080 τῳ
3468 4011 3709 4079 πέμπτῳ
3740 4011 3846 4078 τῆς

2252 4107 2347 4161 τοῦ
2363 4107 2571 4176 ἀγαθοῦ
2600 4107 2881 4167 κοινωνίας
2901 4103 3362 4172 ἐπιτυγχάνοντες
3386 4118 3398 4130 '
3419 4101 3493 4163 ὡς
3519 4102 3567 4153 οἱ
3603 4102 3843 4168 γυναῖκα

2254 4200 2470 4269 ἔχοντες
2516 4201 2579 4252 ὲκ
2615 4198 2881 4268 διαφορᾶς
2933 4197 3222 4266 λαθραίας,
3276 4193 3443 4264 ἢκαὶ
3497 4193 3846 4263 βιαιοτέρας,

2255 4292 2436 4354 καθὼς
2464 4297 2490 4345 6
2517 4291 2760 4353 εἰκοστὸς
2795 4289 3050 4358 δεύτερος
3103 4288 3286 4341 κανὼν
3335 4287 3429 4339 τοῦ
3464 4284 3633 4340 αὐτοῦ
3681 4285 3848 4353 ἁγίοις

2256 4386 2642 4453 διαλαμϐάνει·
2674 4384 2796 4437 κατ’
2851 4381 3014 4434 αὑτὸν
3081 4380 3172 4433 τὸν
3213 4378 3440 4443 κανόνα,
3507 4378 3580 4439 ὡς
3635 4375 3851 4440 ἔοικεν,

569 4475 665 4527 τὸν
694 4475 940 4546 παρόντα
985 4477 1278 4548 συνοψίσας
1308 4480 1533 4542 κανόνα,
1575 4476 1637 4530 τὸ
1666 4472 1830 4546 ἦττον
1869 4477 2148 4547 ἐπιτίμιον
2185 4479 2296 4532 τῶν
2327 4480 2727 4549 πορνευόντων,
2758 4477 2928 4548 ἡγουν
2986 4473 3084 4542 τὴν
3113 4473 3460 4540 τετραετίαν,
3516 4469 3860 4539 προσέθετο.

569 4555 874 4625 Κωλύειδὲ
906 4575 935 4626 6
971 4573 1156 4628 κανὼν
1195 4569 1354 4637 οὗτος
1411 4574 1634 4637 καὶτὰς
1707 4573 2017 4643 παρθένους
2090 4579 2235 4648 μετὰ
2275 4576 2490 4647 ἀνδρῶν
2539 4577 2676 4637 ὅλως
2750 4569 3294 4641 συναναστρέφεσθαι
3357 4567 3478 4620 καθ’
3526 4566 3854 4636 οἱανδήτινα

570 4667 676 4741 πρό
688 4686 863 4737 ⁸τοισιν.

1173 4759 1402 4822 CANON
1442 4757 1564 4821 XX.

640 4856 698 4910 Si
730 4856 962 4927 alicujus
1002 4873 1142 4912 uxor
1177 4857 1481 4911 adulterata
1515 4855 1697 4920 fuerit,
1754 4861 1835 4914 vel
1865 4862 1990 4932 quis
2029 4877 2148 4916 eam

651 4970 668 5001 ‹
709 4951 1126 5015 adulteravcrit,
1164 4956 1380 5017 oportet
1440 4961 1565 5005 eum
1620 4952 1673 5006 in
1727 4966 1934 5024 septem
1991 4957 2150 5010 annis

648 5062 666 5094 ι
707 5047 851 5111 quod
883 5042 1180 5110 perfectum
1217 5049 1302 5095 cst
1333 5044 1574 5114 assequi,
1611 5060 1705 5114 per
1735 5047 1937 5116 gradus
1970 5047 2062 5117 qui
2086 5060 2150 5100 eo

652 5157 669 5188 ι
715 5137 1014 5189 deducunt.
1058 5151 1076 5184 ι
1669 5185 1678 5208 ί

653 5226 847 5282 BALS.
890 5225 945 5280 ln
979 5226 1216 5296 septimo
1253 5231 1591 5299 octogesimo
1626 5237 1680 5284 et
1708 5230 1760 5283 in
1796 5230 2153 5298 nonagesimo

579 5328 780 5372 Ol'la\0
814 5333 1027 5372 Cattone
1085 5320 1278 5388 synodi
1341 5320 1394 5374 in
1439 5317 1653 5383 Trullo,
1709 5319 1776 5374 de
1815 5319 2065 5373 adultero
2105 5328 2158 5372 ct

581 5412 831 5464 adultera
880 5411 1216 5465 sufﬁcienter
1257 5413 1634 5466 tractavimus.
1692 5408 1940 5464 Praesens
1975 5419 2156 5464 autem

581 5519 761 5560 eanon
795 5520 889 5560 eos
931 5514 1120 5561 sancta
1159 5504 1546 5560 connnunione
1576 5502 1773 5571 dignos
1804 5516 1924 5557 esse
1958 5501 2165 5554 haben-

585 5599 690 5652 dos
723 5599 991 5659 decrevit,
1025 5606 1148 5669 post
1177 5606 1384 5666 septem
1421 5611 1596 5650 annos
1631 5595 1684 5648 in
1720 5595 1920 5664 gradus
1976 5609 2168 5664 poena-

585 5704 707 5744 rum
748 5690 1086 5758 dispertitos.
1141 5689 1282 5759 Lege
1326 5696 1378 5742 ct
1415 5703 1580 5740 unum
1643 5698 1695 5741 et
1749 5685 2069 5740 vicesimum
2117 5698 2170 5742 et

588 5781 909 5838 \‘iccsimum
936 5779 1234 5839 secundum
1265 5791 1534 5835 cauonem
1575 5775 1751 5834 sancti
1783 5773 1990 5831 Basilii.

2189 4772 2236 4833 D

2871 4757 3113 4814 ΚΑΝΩΝ
3141 4758 3224 4812 K'.

2263 4882 2284 4916 ι
2345 4861 2472 4916 Ἐάν
2529 4859 2676 4920 τινος
2709 4853 2850 4926 γυνὴ
2913 4851 3198 4924 μοιχευθῇ,
3255 4883 3266 4920 ι
3323 4855 3589 4918 μοιχευσῃ
3621 4861 3729 4907 τις,
3790 4848 3816 4897 ἐ

2341 4973 2360 5006 ι
2395 4954 2536 5006 ἑπτα
2562 4952 2707 5003 ἔτεσι
2729 4949 2809 5002 δεῖ
2825 4947 2988 5001 αὑτὸν
3005 4945 3101 4997 τοῦ
3119 4941 3325 4996 τελείου
3351 4942 3531 5010 τυχεῖν
3553 4938 3696 4992 κατὰ
3723 4939 3848 4998 τοὶ,

2343 5065 2360 5098 ι
2395 5044 2639 5117 βαθμοὺς
2666 5042 2792 5104 τοὺς
2824 5038 3194 5113 προάγοντας.
3241 5052 3260 5085 ι

2339 5224 2533 5278 ΒΑΛΣ.
2567 5219 2742 5290 Ἐντῷ
2763 5219 2845 5284 πζ’
2865 5218 2955 5271 καὶ
2971 5213 3057 5285 ιιη’
3075 5212 3264 5267 κανόνι
3286 5213 3380 5282 τῆς
3401 5212 3457 5263 ἐν
3486 5201 3564 5279 τῷ
3582 5207 3857 5279 Τρούλλῳ

2269 5318 2488 5372 συνόδου
2523 5314 2841 5385 ἀρκούντως
2869 5309 3188 5378 διελάϐομεν
3222 5306 3351 5376 περὶ
3392 5302 3703 5373 μοιχαλίδος
3759 5304 3856 5355 καὶ

2273 5409 2486 5482 μοιχοῦ.
2535 5409 2594 5460 Ὀ
2651 5407 2707 5460 δὲ
2743 5403 2932 5475 παρὼν
2987 5400 3164 5454 καν“ον
3199 5396 3500 5466 διορίζεται
3561 5391 3869 5455 ἀξιοῦσθαι

2264 5504 2476 5564 τοί-τοις
2505 5501 2606 5569 τῆς
2638 5499 2800 5567 ἁγίας
2834 5493 3190 5566 μεταλήψεως
3241 5488 3379 5558 μετὰ
3428 5485 3570 5538 ἑπτὰ
3620 5483 3718 5552 ἔτη
3760 5501 3870 5537 κα-

2267 5593 2678 5664 ταμεριζόμενα
2745 5591 2825 5652 εἰς
2859 5588 2988 5648 τοὺς
3061 5583 3307 5654 βαθμοὺς
3363 5578 3472 5632 τῶν
3531 5576 3869 5641 ἐπιτιμίων,

2281 5683 2584 5751 Ἀνάγνωθι
2635 5683 2730 5737 καὶ
2767 5679 2856 5734 τὸν
2886 5673 2966 5731 κα¹
3022 5673 3225 5730 κανόνα
3277 5672 3372 5725 καὶ
3424 5665 3507 5738 κβ¹
3544 5664 3641 5720 τοῦ
3696 5664 3870 5737 ἁγίου

2273 5773 2466 5829 Βασιλε
2477 5773 2573 5827 Ξου.
