4076 6398
299 369 438 440 1185

295 576 498 649 ὥρισεν
527 581 558 651 ἡ
587 579 802 641 σύνοδος
827 577 964 648 αῦτη
989 579 1070 640 είς
1094 577 1156 631 τὸ
1181 577 1383 630 τέλειον
1411 576 1688 648 ἔρχεσθαι,
1713 576 1881 646 ἤγουν

297 670 378 731 είς
427 670 525 740 τὴν
557 669 718 737 ἁγίαν
775 667 1114 738 μετάληψιν·
1151 668 1278 729 τοὺς
1323 665 1378 718 δὲ
1427 666 1567 719 ἐτττά
1599 665 1883 726 ἐνιαυτοὺς

299 760 772 832 καταμερῖζεσθαι
827 760 907 822 είς
957 761 1084 823 τοὺς
1123 758 1233 811 τῶν
1289 757 1581 826 ἐπιτιμίων
1613 756 1880 828 βαθμούς.

305 935 531 989 ΑΡΙΣΤ.
605 951 629 983 ι
670 931 734 986 Ἠ
770 931 1015 1002 μοιχαλὶς
1037 932 1132 987 καὶ
1155 933 1184 984 ό
1221 931 1405 1001 μοχδς
1453 927 1742 983 ἑπταετίαν
1776 929 1878 997 ἀφσ

836 1044 854 1076 ι
895 1023 1284 1094 οριζέσθωσαν.
1328 1041 1346 1074 ι

369 1118 479 1172 Καὶ
523 1118 551 1169 ὁ
610 1117 968 1186 ὀγδοηκοστὸς
1025 1113 1254 1184 ἕϐδομος
1319 1111 1498 1166 κανὼν
1543 1111 1643 1181 τῆς
1688 1111 1748 1162 ἐν
1795 1108 1874 1179 τῷ

223 1249 230 1253 -
300 1209 556 1280 Τρούλλῳ
594 1209 761 1278 ἕκτης
797 1207 1018 1262 συνόδου
1073 1208 1130 1258 ἐν
1161 1204 1303 1258 ἐπτά
1355 1204 1508 1258 ἔτεσι
1561 1203 1641 1273 τῷ
1707 1203 1880 1274 μοιχῷ

297 1299 498 1367 ἐπάγει
534 1299 630 1370 τὴν
669 1300 1011 1368 ἐπιτίμησιν,
1041 1294 1224 1359 καθὼς
1259 1295 1322 1366 δὴ
1356 1295 1448 1348 καὶ
1477 1295 1504 1346 ό
1535 1293 1728 1363 παρὼν
1759 1295 1875 1346 δια-

299 1392 566 1464 λαμσὰνει
592 1391 772 1446 κανών
797 1408 811 1423 ο
837 1390 976 1444 ὥστε
1002 1391 1248 1443 ἐνιαυτὸν
1269 1388 1368 1458 μὲν
1390 1387 1486 1440 ἕνα
1508 1386 1878 1457 προσκλαίειν,

297 1487 502 1541 διετίαν
552 1485 942 1554 ἐπικροᾶσθαι,
989 1481 1236 1553 τριετίαν
1290 1479 1639 1544 ὑποπίπτειν,
1669 1479 1761 1532 καὶ
1801 1478 1879 1546 τῷ

298 1578 509 1647 ἑϐδόμῳ
565 1576 924 1630 συνίστασθαι
971 1577 1085 1638 τοῖς
1113 1575 1348 1635 πιστοῖς,
1398 1573 1493 1640 καὶ
1529 1570 1675 1624 οὕτω
1749 1589 1883 1625 κατ-

241 1661 246 1666 ’
295 1668 576 1732 αξιοῦσθαι
602 1668 701 1736 τῆς
732 1667 1085 1738 προσφορᾶς,
1123 1664 1219 1717 ἐὰν
1255 1662 1392 1734 μετὰ
1440 1661 1690 1733 δακρύων
1716 1662 1878 1733 ποιήε-

296 1777 450 1813 σεται
512 1760 612 1830 τὴν
676 1760 982 1830 μετάνοιαν.
1029 1758 1087 1810 '0
1153 1755 1209 1808 δὲ
1278 1756 1640 1825 πεντηκοστὸς
1692 1755 1878 1823 ὄγδοος

297 1851 475 1930 κανὼν
503 1838 598 1906 τοῦ
637 1853 876 1922 μεγάλου
918 1849 1202 1904 Βασιλείου
1239 1851 1297 1902 ἐν
1329 1849 1724 1902 πεντεκαίδεκα
1755 1848 1874 1902 ἕτε-

297 1959 380 1996 σιν
411 1945 643 2014 ἐπιτιμᾷ
670 1943 760 1997 τὸν
791 1943 1011 2014 μοιχόν·
1032 1940 1174 1994 ὥστε
1203 1944 1262 1994 ἐν
1286 1941 1544 2011 τέσσαρσι
1578 1942 1676 2011 μὲν
1702 1959 1872 2014 προσ-

297 2030 530 2098 κλὶιίειν,
565 2037 622 2087 ἐν
655 2035 818 2088 πέντε
872 2035 930 2088 δέ
956 2033 1290 2104 ἀκροᾶσθαι,
1325 2034 1384 2086 ἐν
1413 2033 1710 2104 τέσσαρσιν
1739 2035 1872 2088 ὐπο-

299 2127 539 2191 πίπτειν,
575 2129 634 2181 ἐν
666 2128 788 2180 δυσὶ
815 2127 1305 2191 συνίστασθαι.τοίς
1341 2130 1572 2195 πιστοῖς,
1605 2128 1698 2183 καὶ
1733 2127 1873 2199 μετά

296 2217 470 2269 ταῦτα
495 2216 779 2282 ἀξιοῦσθαι
813 2219 910 2288 τῆς
937 2220 1244 2281 κοινωνίας.

887 2311 1124 2366 ΚΑΝΩΝ
1156 2312 1285 2367 κεν.

305 2417 324 2450 ι
373 2401 508 2470 Περὶ
533 2400 643 2455 τῶν
670 2402 946 2470 γυναικῶν
972 2402 1080 2455 τῶν
1106 2391 1573 2473 ἐκπορνευουσῶν,
1603 2404 1696 2460 καὶ
1720 2406 1877 2460 ἀναι-

375 2510 394 2542 ‹
439 2493 648 2562 ρόυσῶν
681 2493 748 2546 τὰ
792 2492 1109 2564 γεννώμενα
1139 2495 1273 2565 (88),
1305 2497 1397 2547 καὶ
1459 2497 1874 2561 σπουδαζουσῶν

384 2604 402 2636 ι
450 2585 648 2655 φθόρια
704 2588 917 2640 ποιεῖν·
973 2587 1158 2657 όημὲν
1215 2587 1476 2656 πρότερος
1511 2589 1636 2658 ὅρος
1681 2589 1876 2660 μέχρις

386 2696 403 2730 ι
451 2678 636 2742 ἐξόδου
689 2681 985 2745 ἐκώλυσεν,
1020 2679 1114 2733 καὶ
1142 2679 1314 2748 τούτῳ
1345 2680 1681 2735 συντίθενται
1709 2699 1722 2713 '
1756 2681 1876 2750 φιλ-

377 2791 397 2826 c
441 2774 858 2846 ανθρωπότερον
923 2774 980 2828 δέ
1035 2792 1087 2827 τι
1138 2773 1409 2844 εὑρόντες,
1475 2775 1756 2846 ὡρίσαμεν
1789 2775 1868 2828 δε-

376 2882 396 2919 c
444 2865 616 2936 καέτη
669 2866 864 2935 χρόνον
897 2866 1040 2919 κατὰ
1096 2866 1225 2927 τοὺς
1257 2864 1502 2935 βαθμοὺς
1556 2867 1683 2930 τοὺς
1743 2867 1876 2938 ὡρι-

378 2971 397 3004 ι
445 2955 678 3025 σμένους
711 2954 1020 3026 πληρῶσαι,
1063 2973 1082 3006 ι

373 3049 569 3105 ΒΑΛΣ.
621 3050 753 3105 Ἀπὸ
809 3051 934 3120 ὅρου
991 3050 1350 3122 ἀρχαιοτέρου
1417 3051 1873 3120 ἐγκλησιαστικοΰ

1254 438 1258 441 .
1401 374 1483 435 ΙΝ
1511 372 1676 432 CAN.
1716 371 1854 431 XXI
1895 371 2106 434 CONC.
2152 373 2398 435 ANCYR
2425 420 2437 433 .

369 488 614 543 ΖΩΝΑΡ.
645 486 755 558 Τὴν
771 485 1054 558 μοιχαλίδα
1073 485 1167 540 καὶ
1187 483 1274 538 τὸν
1295 485 1482 555 μοιχὸν
1505 485 1572 538 δι’
1593 485 1732 538 ἑπτὰ
1752 483 1887 537 ἐτῶν
1917 489 1962 540 Α

3430 373 3566 438 llRG

2066 483 2318 538 LONAB.
2355 484 2670 538 Adulteram
2703 490 2754 539 et
2795 483 3124 548 adulterum,
3149 491 3352 553 septem
3390 500 3562 539 anno-

1987 589 2109 628 rum
2148 575 2327 645 spatio
2359 573 2424 628 ad
2459 575 2510 628 id
2542 574 2683 644 quod
2723 575 3022 644 perfectum
3061 584 3166 640 est,
3224 591 3436 630 sacram
3484 577 3563 628 vid

1987 665 2190 719 delicet
2229 666 2673 720 communionem
2712 666 2956 735 synodus
2989 667 3272 735 pervenire
3294 666 3561 721 decernit.
3611 657 3620 665 ’

1989 756 2206 826 Septem
2238 772 2406 827 porro
2441 774 2615 812 annos
2652 773 2752 829 pro
2803 757 2971 813 variis
3003 760 3384 828 poenitentium
3436 776 3562 830 gra-

1989 851 2150 906 dibus
2183 851 2351 905 dividi
2387 850 2561 919 jubet,

1989 940 2215 995 ARIST.
2278 959 2297 992 ‹
2342 939 2600 997 Adultera
2653 947 2707 995 et
2758 941 2965 994 adulter
3029 941 3315 1011 septentrio
3377 955 3563 1012 segre-

2594 1054 2612 1087 ‹
2651 1044 2866 1102 genlttr.
2905 1053 2922 1086 ι

2061 1127 2128 1182 Et
2158 1128 2528 1198 octogesimus
2564 1129 2828 1197 septimus
2859 1139 3026 1183 sextae
3056 1130 3108 1184 in
3147 1127 3337 1183 Trnllo
3369 1128 3557 1199 synodi

1985 1233 2165 1274 canon
2198 1231 2404 1289 septem
2455 1236 2725 1274 annorum
2781 1235 3001 1288 poenam
3063 1221 3310 1274 adultero
3370 1219 3556 1282 infert,

1988 1311 2450 1378 quemadmodum
2511 1319 2565 1366 et
2621 1326 2864 1380 prmsens
2915 1327 3091 1365 canon
3149 1311 3455 1366 constituit.
3488 1311 3558 1365 Ut

1981 1415 2150 1456 unum
2206 1403 2425 1471 quidem
2463 1407 2690 1457 annum
2745 1403 2960 1467 deﬂeat,
3013 1405 3291 1459 biennium
3350 1406 3557 1474 audiat,

1985 1494 2282 1547 triennium
2317 1495 2728 1558 substernatur,
2771 1503 2824 1550 et
2861 1498 3094 1566 septimo
3137 1512 3260 1552 cum
3299 1498 3553 1554 ﬁdelibus

1986 1587 2295 1650 conveniat,
2326 1593 2378 1640 et
2411 1587 2491 1639 sic
2522 1585 2801 1641 oblatione
2823 1587 3021 1656 dignus
3048 1589 3332 1653 habeatur,
3364 1591 3407 1644 si
3435 1607 3556 1646 cum

1984 1675 2245 1748 lacrymis
2293 1678 2670 1746 pmnitentiam
2718 1680 2908 1747 egerit.
2951 1679 3019 1732 At
3070 1683 3560 1748 quinqttagesimtts

1987 1777 2214 1821 octavus
2243 1765 2425 1820 Basilii
2461 1769 2641 1836 magni
2684 1784 2857 1823 canon
2885 1770 3189 1824 adulterum
3242 1772 3556 1839 quindecim

1985 1872 2254 1912 annorum
2307 1873 2484 1927 paenae
2524 1845 2744 1929 subjicit
2777 1877 2790 1912 :
2827 1870 2884 1914 ut
2923 1869 3158 1930 quatuor
3197 1863 3410 1932 quidem
3468 1866 3562 1918 de-

1982 1948 2129 2012 ﬂeat,
2160 1951 2404 2019 quinque
2439 1965 2569 2005 vero
2603 1952 2812 2014 audiat,
2869 1962 3108 2020 quatuor
3146 1953 3556 2018 substernatur,

1978 2044 2116 2098 duos
2144 2059 2268 2097 cum
2304 2043 2554 2099 tidelibus
2587 2053 2968 2116 congregetur,
3001 2054 3055 2101 et
3089 2057 3275 2116 postea
3318 2061 3558 2102 commut-

1975 2139 2142 2192 nione
2178 2137 2374 2206 dignus
2407 2145 2724 2193 censeatur.

2447 2317 2615 2388 393
2648 2317 2877 2373 CANON
2921 2318 3060 2373 xxr.

1981 2427 1999 2462 ι
2038 2407 2114 2464 De
2147 2409 2492 2477 mulieribus,
2536 2427 2659 2481 qua:
2693 2421 2820 2466 sunt
2854 2412 3156 2478 fornicatre,
3199 2420 3259 2467 et
3315 2413 3453 2470 fetus
3499 2415 3552 2470 in

2057 2519 2076 2554 ι
2117 2509 2272 2555 utero
2306 2503 2610 2572 perimunt,
2647 2513 2701 2558 et
2733 2503 2940 2558 fetuum
2983 2506 3282 2559 necatoriis
3313 2509 3556 2560 medica-

2052 2610 2070 2643 ι
2116 2593 2316 2647 mentis
2351 2592 2617 2648 faciendis
2645 2594 2775 2648 dant
2820 2610 3086 2664 operam;
3139 2599 3288 2666 prior
3332 2599 3551 2666 quidem

2054 2703 2072 2736 ι
2107 2683 2354 2738 deﬁnitio
2384 2700 2559 2754 usque
2597 2685 2663 2738 ad
2690 2685 2813 2739 vitae
2857 2687 3059 2740 exitum
3113 2688 3456 2755 prohibebat,
3492 2698 3546 2744 ct

2067 2796 2086 2829 ι
2129 2777 2176 2832 ei
2213 2778 2436 2846 quidam
2475 2778 2885 2855 assentiuntur;
2929 2777 3024 2832 sed
3079 2780 3420 2837 humanitate
3474 2789 3556 2835 la-

2057 2887 2074 2918 ι
2116 2884 2240 2922 men
2284 2877 2519 2930 utentes,
2573 2871 2916 2924 decrevimus
2965 2879 3025 2924 ut
3077 2871 3404 2927 decennium
3461 2889 3558 2944 per

2059 2976 2077 3008 ι
2113 2959 2314 3028 gradus
2348 2959 2646 3029 praeﬁnitos
2673 2959 2956 3028 impleant.
2996 2979 3014 3011 ι

2056 3051 2252 3106 BALS.
2305 3052 2630 3120 Antiquiore
2673 3053 3046 3106 ecclesiastica
3104 3053 3444 3119 definitione,
3501 3057 3554 3113 iu

299 3139 441 3193 κατὰ
480 3139 648 3208 μόνας
679 3140 773 3200 τὰς
797 3139 1117 3201 τελευταίας
1147 3140 1425 3205 ἀναπνοὰς
1453 3143 1550 3211 τῆς
1579 3145 1687 3196 τῶν
1713 3144 1871 3197 θείων

1985 3145 2090 3200 sola
2129 3145 2317 3198 ultima
2343 3144 2707 3213 respiratione
2739 3145 3047 3198 divinorum
3083 3157 3553 3203 sacramentorum

301 3232 661 3300 ἀγιασμάτων
719 3229 1074 3301 μεταλήψεως
1123 3231 1374 3300 ἠξιοῦντο
1407 3234 1464 3285 al.
1513 3233 1875 3291 συλλαϐοῦσαι

299 3321 594 3392 λαθραίως,
635 3323 728 3375 καὶ
769 3322 857 3376 διὰ
898 3324 958 3375 τὸ
991 3322 1066 3393 μὴ
1115 3322 1520 3394 ἐπιγνωσθῆναι
1552 3325 1877 3396 ἀναιροῦσαι

300 3413 368 3474 τὰ
395 3413 614 3482 ἔμϐρυα
648 3415 829 3468 αὐτῶν
863 3415 987 3470 καθ’
1017 3415 1321 3484 οἱονδήτινα
1351 3416 1528 3484 λόγον.
1575 3419 1638 3472 Ol
1687 3417 1744 3472 δὲ
1778 3418 1880 3489 τῆς

303 3505 521 3560 συνόδου
547 3505 751 3574 ταύτης
776 3505 1040 3577 Πατέρες,
1065 3506 1707 3578 φιλανθρωπευσάμενοι,
1735 3508 1875 3582 ὥρισ-

304 3615 404 3659 σαν
429 3596 569 3671 μετά
599 3598 731 3650 δέκα
759 3599 1041 3662 ἐνιαυτοὺς
1070 3600 1464 3670 μεριζομένους
1486 3603 1565 3663 εἰς
1593 3602 1722 3664 τοὺς
1753 3603 1878 3654 τέσ-

306 3705 477 3760 σαρας
509 3689 756 3760 βαθμοὺς
784 3690 894 3747 τῶν
939 3691 1254 3758 ἐπιτιμίων,
1292 3693 1462 3759 ἦγουν
1513 3694 1592 3756 είς
1639 3695 1732 3746 τὸν
1782 3693 1876 3748 τοῦ

304 3782 748 3852 προσκλαίοντος,
781 3783 872 3835 τὸν
893 3780 988 3840 τοῦ
1022 3783 1402 3854 ἀκροωμένου,
1438 3784 1528 3837 τὸν
1556 3784 1649 3837 τοῦ
1676 3784 1876 3838 ὑποπί-

307 3891 553 3945 meum,
608 3873 830 3927 καὶτὸν
892 3874 986 3926 τοῦ
1023 3875 1377 3939 συνεστῶτος,
1435 3876 1878 3945 μεταλαμϐάνειν

304 3965 491 4027 αὑτάς.
538 3964 764 4035 Φθόριον
790 3965 846 4018 δέ
871 3967 1020 4020 ἐστιν
1050 3965 1198 4019 ἅπαν
1232 3967 1523 4036 φάρμακον
1565 3968 1782 4038 φθεῖρον
1816 3971 1876 4022 τὸ

304 4055 800 4128 ἐγκυμονούμενον.
846 4056 1146 4127 ’Δνάγνωθι
1178 4057 1266 4111 τὸν
1300 4057 1344 4130 β’
1376 4059 1576 4112 κανόνα
1601 4060 1695 4113 τοῦ
1713 4061 1874 4130 ἁγίου

1492 4175 1687 4246 Quill,
1725 4177 2056 4257 Beveregii
2100 4181 2292 4245 notua,
2338 4204 2356 4222 ι

389 4278 499 4350 (88)
539 4277 645 4333 Kal
693 4277 1080 4348 ἁναιρουσῶν
1113 4278 1185 4333 τὰ
1208 4278 1574 4349 γεννώμενα.
1603 4279 1791 4342 Fctum
1827 4282 1880 4335 in

307 4358 466 4405 utero
495 4363 690 4403 necare
717 4350 1089 4404 Tertullianus
1121 4351 1246 4404 olim
1280 4351 1630 4404 interdictum
1661 4353 1880 4415 asserit,

306 4421 518 4485 dicens,
552 4415 718 4472 Nobis
751 4435 866 4473 vero
892 4421 1178 4473 homicidio
1203 4421 1362 4474 semel
1390 4421 1691 4486 interdicto,
1725 4424 1882 4473 etiam

1977 3237 2409 3305 participatione
2465 3235 2646 3307 dignae
2693 3237 3039 3291 habebantur
3091 3254 3207 3303 eas,
3256 3255 3377 3310 quae
3430 3258 3555 3296 cum

1975 3330 2110 3384 clam
2153 3331 2561 3399 concepissent,
2600 3345 2669 3384 ne
2723 3329 2777 3384 id
2817 3339 3266 3398 cognosceretur,
3305 3348 3433 3389 suos
3486 3334 3567 3389 lem

1980 3429 2069 3476 tus
2105 3421 2158 3475 iu
2190 3430 2351 3475 utero
2387 3421 2661 3475 necabam
2693 3421 2887 3490 quovis
2937 3423 3118 3478 modo.
3164 3423 3336 3492 Hujus
3376 3435 3556 3481 autem

1982 3513 2178 3584 synodi
2215 3511 2427 3578 Patres,
2461 3511 2548 3567 usi
2581 3514 2942 3578 humanitate,
2999 3522 3125 3584 post
3157 3516 3343 3571 decem
3387 3533 3561 3575 annos

1980 3607 2032 3658 in
2079 3619 2364 3675 poenarum
2418 3614 2656 3674 quatuor
2711 3605 2914 3674 gradus
2953 3606 3296 3676 dispertitos,
3350 3611 3560 3666 scilicet

1977 3696 2102 3764 ejus
2134 3695 2226 3764 qui
2278 3693 2459 3758 deﬂet,
2493 3695 2611 3764 ejus
2645 3695 2740 3772 qui
2790 3697 2962 3762 audit,
3007 3698 3128 3768 ejus
3179 3701 3271 3768 qui
3325 3702 3552 3770 supplex

1975 3788 2376 3853 substernitur,
2403 3795 2456 3841 et
2489 3787 2610 3856 ejus
2639 3789 2730 3856 qui
2763 3788 2829 3840 ad
2883 3803 3074 3857 preces
3133 3789 3372 3844 ﬁdelium
3421 3807 3556 3846 con-

1982 3889 2274 3952 gregatur,
2343 3893 2439 3934 eas
2496 3893 2661 3948 posse
2732 3880 3093 3934 sacramentis
3149 3882 3556 3937 communicare

1985 3979 2311 4028 statuerunt.
2340 3969 2543 4040 Φθόρια
2573 3976 2753 4025 autem
2789 3971 3050 4025 dicuntur
3081 3972 3264 4026 omnia
3316 3973 3556 4026 medica-

1990 4071 2191 4124 menta,
2226 4077 2368 4133 quae,
2421 4062 2568 4132 quod
2603 4063 2657 4117 in
2696 4071 2853 4118 utero
2899 4073 3221 4134 conceptum
3259 4072 3362 4130 est,
3413 4064 3554 4134 peri-

2943 4161 2948 4165 ·
3275 4147 3304 4182 /

1993 4282 2243 4351 originem
2278 4280 2448 4350 futuri
2484 4281 2709 4342 hominis
2744 4282 3106 4349 exstinguat”,
3136 4290 3183 4335 et
3206 4283 3557 4350 parricidium

1995 4353 2231 4422 faciant,
2282 4361 2561 4420 antequam
2614 4353 2860 4422 pariant.
2925 4353 2994 4405 De
3059 4353 3160 4406 hoc
3203 4354 3556 4421 l'acinorejns

1995 4421 2156 4477 Civile
2189 4421 2269 4476 sic
2315 4423 2532 4480 statuit,
2593 4421 2696 4486 Qui
2755 4423 3044 4476 abortionis
3093 4430 3185 4474 aut
3238 4431 3555 4477 amatorium

307 4499 617 4561 conceptum
649 4498 818 4561 utero,
849 4489 983 4561 dum
1039 4491 1211 4561 adhuc
1263 4492 1479 4561 sanguis
1533 4492 1586 4546 in
1624 4492 1936 4561 hominem_
1976 4493 2222 4560 poculum
2264 4494 2414 4561 dant,
2465 4492 2565 4544 etsi
2592 4492 2711 4544 dolo
2763 4507 2866 4546 non
2907 4491 3133 4560 faciant,
3195 4503 3370 4545 tamen
3431 4496 3556 4561 quia

308 4557 655 4628 deliberatur,
689 4559 973 4613 dissolvere
1005 4576 1104 4613 non
1135 4559 1272 4613 licet.
1313 4557 1602 4614 Homicidii
1648 4561 1868 4627 festina-
1907 4557 1951 4612 ι)
1977 4557 2112 4615 ntali
2143 4560 2368 4628 exempli
2407 4577 2490 4619 res
2513 4570 2609 4624 est,
2638 4557 2944 4616 humiliores
2970 4568 3024 4616 in
3075 4562 3367 4622 metallum,
3400 4557 3560 4616 Itone-

309 4631 385 4683 tia
411 4638 488 4683 est
517 4627 791 4698 prohibere
835 4630 982 4682 nasci
1016 4644 1034 4682 :
1069 4645 1160 4682 nec
1189 4631 1345 4700 refert
1385 4639 1562 4682 natam
1600 4630 1716 4698 quis
1774 4631 1879 4684 eri-

307 4702 423 4768 piat
449 4701 709 4760 animam,
743 4717 812 4751 an
845 4709 1143 4753 nascentem
1167 4700 1424 4754 disturbet
1457 4716 1477 4754 .°
1537 4700 1690 4753 homo
1719 4711 1796 4753 est
1826 4708 1876 4754 et

347 4771 398 4823 ui
425 4778 500 4822 est
526 4770 762 4836 futurus,
789 4777 840 4826 et
878 4768 1081 4834 fructus
1105 4773 1276 4824 ontnis
1309 4770 1426 4837 jam
1456 4771 1510 4823 in
1544 4771 1737 4823 semine
1776 4779 1877 4826 est.

360 4841 541 4894 ertull.
576 4839 728 4906 Apol.
762 4856 810 4892 c.
843 4837 916 4910 9.Δ
950 4837 1021 4891 De
1053 4840 1154 4910 hoc
1188 4839 1617 4910 atrocihtlagitio
1673 4837 1879 4892 intelli-

312 4911 528 4980 gendus
556 4919 638 4962 est
672 4907 1013 4980 Lactantius,
1045 4909 1136 4963 ubi
1189 4912 1285 4974 ait,
1359 4907 1551 4964 Verum
1615 4910 1876 4980 homines,

312 4977 376 5034 ne
407 4979 530 5048 quid
561 4981 629 5032 s'it
661 4979 892 5048 facinus,
927 4992 1028 5043 quo
1073 4995 1260 5033 manus
1295 4996 1420 5034 suos
1471 4993 1575 5033 non
1618 4977 1881 5046 polluant,

311 5051 534 5102 rnuibns
566 5049 736 5104 adhuc
769 5058 816 5104 et
843 5048 1170 5115 simplicibus
1194 5050 1385 5103 animis
1412 5049 1674 5115 abnegant
1713 5048 1881 5100 lucem

312 5064 534 5102 rnuwtts
566 5064 736 5104 aaanc
769 5064 816 5104 et
843 5064 1170 5115 simplicibus
1194 5064 1385 5103 animis
1412 5064 1544 5102 anne
1582 5064 1674 5100 ant
1713 5064 1880 5100 tucem

312 5135 414 5173 non
452 5130 561 5173 a'se
599 5119 803 5173 datam.
843 5116 1091 5172 Lactant.
1131 5119 1167 5172 l.
1197 5134 1269 5182 vr,
1309 5135 1357 5173 c.
1400 5118 1493 5174 ‘20.
1547 5064 1662 5171 floc
1697 5126 1880 5172 autem

313 5204 408 5260 per
437 5188 834 5243 medicamenta
888 5185 1136 5256 quaedam
1169 5188 1571 5260 aruutierculis
1632 5188 1881 5260 impense

313 5255 576 5329 improbis
612 5267 769 5328 epota
801 5255 1101 5327 perpetrari
1135 5259 1296 5313 solet.
1350 5257 1426 5314 De
1461 5259 1664 5329 quibus
1715 5255 1881 5312 Juve-

317 5325 456 5384 nalis
485 5325 663 5401 Satyr.
698 5329 750 5395 6,
783 5325 892 5385 ait:

320 5444 543 5503 Tantum
578 5449 716 5512 artes
741 5441 918 5510 hujus,
951 5449 1157 5498 tantum
1189 5443 1538 5498 medicamina
1567 5453 1811 5512 possunt,
1837 5460 1840 5462 ‘

315 5516 445 5576 Qua:
471 5511 672 5565 steriles
704 5514 857 5580 facit,
889 5523 1041 5583 atque
1063 5515 1297 5569 homines
1319 5516 1375 5569 in
1401 5511 1576 5569 ventre
1598 5516 1886 5572 necandos.

312 5609 380 5666 Et
424 5609 684 5665 Minutius
736 5607 889 5670 Felix
947 5611 1002 5666 in
1066 5609 1314 5676 Octavio,
1369 5611 1586 5674 dicens,
1621 5613 1718 5667 Vos
1748 5615 1887 5667 enim

315 5683 460 5734 video
491 5690 791 5750 procreatos
823 5681 963 5748 ﬁlios
997 5697 1133 5733 nunc
1171 5682 1295 5748 feris
1319 5691 1367 5734 et
1391 5682 1572 5735 avibus
1600 5697 1892 5748 exponere,

317 5767 456 5802 nunc
503 5751 932 5820 adstrangulatos
979 5751 1170 5822 misero
1201 5753 1390 5822 mortis
1416 5768 1600 5822 genere
1648 5753 1841 5806 elidere
1867 5770 1885 5807 :

311 5829 438 5874 sunt
465 5837 580 5889 qua’
614 5823 670 5875 in
707 5822 834 5888 ipsis
884 5820 1168 5875 visceribus
1224 5820 1662 5875 medicaminibus
1717 5823 1886 5890 epotis

1979 4634 2164 4687 stiores
2197 4631 2249 4683 in
2287 4630 2514 4700 insulam
2545 4636 2741 4684 amissa
2764 4644 2916 4700 parte
2943 4632 3194 4684 bonorum
3228 4632 3556 4699 relegantur.

1984 4702 2138 4767 Quod
2173 4702 2218 4753 si
2250 4716 2315 4768 eo
2345 4699 2535 4754 mulier
2562 4711 2653 4753 aut
2693 4699 2846 4754 homo
2879 4702 3115 4767 perierit,
3166 4718 3370 4754 summa
3425 4718 3556 4768 sup.

1979 4772 2136 4838 plicia
2197 4767 2531 4837 afficiuntur,
2595 4771 2630 4827 l.
2688 4787 2915 4834 xxxvm,
2989 4781 3122 4825 sect.
3179 4770 3212 4824 5
3248 4771 3323 4823 De
3368 4767 3555 4838 pinnis.

1984 4840 2305 4909 Hujusmodi
2341 4840 2757 4907 medicamenta,
2807 4857 2834 4894 a
2873 4842 3124 4909 praesenti
3185 4840 3404 4909 quidem
3461 4855 3554 4894 ca-

1982 4908 2390 4982 noneAngopta‘t
2441 4909 2737 4982 dicuntur‘;
2797 4908 2889 4982 sed
2946 4925 2975 4964 a
3036 4911 3242 4982 synodo
3269 4908 3553 4982 Trullana,

1984 4995 2108 5035 can.
2143 4978 2234 5039 9i,
2261 4979 2636 5049 ἀμϐλωθρὶδια
2671 4981 3030 5049 appellantur.
3066 4978 3196 5046 Quae
3229 4995 3330 5033 vox
3364 4980 3555 5032 eodem

1987 5065 2149 5105 sensu
2180 5049 2249 5120 ab
2292 5049 2636 5120 Athenagora
2683 5065 2903 5119 quoque
2955 5058 3272 5120 usurpatur,
3317 5050 3554 5114 dicente,

1986 5120 2098 5173 Καὶ
2125 5121 2172 5172 οἱ
2198 5119 2313 5191 τὰςΔ
2347 5121 2459 5191 τοῖς
2501 5119 2922 5191 ἀμϐλωθριδίοις
2949 5119 3260 5191 χρωμένας,
3295 5120 3558 5191 ἀνδροφος

1987 5139 2098 5173 nat
2125 5139 2172 5172 οι
2198 5139 2295 5179 τας
2347 5139 2459 5179 τοις
2501 5139 2922 5190 αμοιωυριοιοις
3115 5139 3260 5184 ενας,
3295 5139 3558 5186 ανοροφο-

1986 5191 2100 5242 νεῖν
2133 5205 2193 5241 τε
2233 5187 2507 5261 καὶμλόγον
2535 5187 2749 5261 ὑφέξειν
2780 5191 2879 5261 τῆς
2909 5139 3307 5260 ἐέαμέλώσεως
3333 5191 3410 5260 τῷ
3438 5187 3558 5256 Θεῷ

1987 5276 2191 5329 φαμεν,
2221 5258 2545 5330 κατὰγποῖον
2578 5258 3020 5330 ἀνδροφονοῦμεέ
3058 5260 3234 5330 λόγον.
3287 5258 3554 5326 Atlicnag.

1989 5327 2221 5401 Iengru
2244 5329 2552 5401 Christian.
2596 5327 2650 5381 In
2676 5327 2928 5401 ’seholiis
2949 5332 3023 5401 ad
3055 5327 3272 5401 Basilic.
3297 5331 3401 5401 lib.
3457 5344 3555 5391 ιιι,

1990 5397 2074 5453 ιίιῖ
2111 5397 2200 5462 39,
2229 5397 2604 5467 ἀμϐλωθρίδια
2632 5399 2912 5455 scribitur.
2948 5399 3051 5456 Ubi
3094 5400 3260 5454 etiam
3296 5400 3551 5467 legimus.

1987 5471 2083 5522 καὶ
2111 5471 2164 5520 at
2206 5465 2591 5540 ἀμϐλωθρίδιαί
2623 5469 2860 5540 διδοῦσαι
2917 5473 3188 5540 φάρμακα
3241 5465 3554 5540 φονέύτριαί

1989 5543 2113 5603 εἰσι,
2140 5539 2234 5590 καὶ
2250 5539 2410 5591 αὑταὶ
2429 5538 2525 5589 καὶ
2542 5539 2596 5591 al
2621 5539 2903 5608 δεχόμεναι
2919 5538 2985 5593 τὰ
3000 5538 3027 5591 ἐ
3037 5539 3379 5608 μόρυοκτῲια
3393 5538 3555 5607 δηλη-

1994 5611 2180 5676 τήρια.
2214 5607 2345 5678 Quae
2375 5623 2436 5660 ex
2462 5607 2814 5678 nonagesimo
2846 5611 3020 5678 primo
3041 5607 3233 5678 synodi
3286 5607 3558 5662 Trullane

1990 5694 2201 5732 canone
2235 5677 2517 5746 desumpta
2547 5686 2699 5747 sunt.
2722 5677 2920 5734 Suidas
2949 5677 3131 5734 autem
3157 5679 3223 5735 de
3250 5692 3383 5733 voce
3426 5679 3561 5747 Ἀμ-

1991 5747 2310 5828 ϐλωθρίδιον
2333 5745 2441 5828 ait,
2461 5745 2604 5828 quod
2637 5749 2730 5828 sit,
2753 5749 2911 5828 αὐτό.
2938 5767 2996 5804 τε
3045 5749 3104 5804 τὸ
3167 5748 3386 5822 φθόριον
3412 5745 3554 5828 φάρ-

1997 5816 2192 5888 μακον,
2224 5819 2319 5872 καὶ
2341 5816 2405 5888 δὴ
2435 5816 2530 5870 καὶ
2554 5817 2616 5871 τὸ
2644 5817 2946 5889 διαφθαρέν
