4076 6394
498 312 626 379 lilii

571 441 590 475 ι
640 429 906 490 quuntur,
930 419 1013 474 vel
1045 419 1098 473 in
1130 431 1259 477 suas
1287 414 1429 472 mdes
1455 413 1666 485 aliquos
1698 413 2072 474 introducunt,
2103 414 2148 471 Α

577 535 595 568 ι
639 515 704 569 ad
744 513 1136 567 medicamenta
1187 521 1305 563 arte
1345 507 1695 572 invenienda,
1745 505 1828 560 vel
1873 506 2074 559 lustra-

573 627 590 657 ι
635 607 855 670 tionem,
921 603 974 657 in
1027 601 1392 672 quinquennii
1459 615 1724 654 canonem
1806 597 2073 660 incidant,

569 718 587 750 ι
634 700 936 754 secundum
976 696 1179 766 gradus
1227 694 1520 754 deﬁnitus;
1573 701 1682 748 tres
1730 707 1902 746 annos
1943 692 2075 746 sub-

570 810 588 842 ι
636 790 941 854 strationis,
975 797 1030 844 et
1063 789 1197 843 duos
1228 801 1403 841 annos
1439 785 1702 852 orationis
1749 786 1869 840 sine
1923 784 2077 839 obla-

569 903 587 934 ι
635 883 802 935 tione.
849 900 866 937 ι

566 973 761 1035 BALS.
802 972 1088 1034 Nonfsttlos
1120 972 1548 1041 pr:cstigiatorcs
1577 981 1630 1026 et
1662 979 1816 1026 vates
1842 971 2075 1040 puniunt

493 1079 734 1117 canones
767 1103 780 1130 ,
816 1061 908 1115 sed
945 1070 996 1114 et
1036 1076 1130 1115 eos
1160 1063 1323 1114 etiam
1367 1063 1457 1129 qui
1509 1061 1614 1115 illis
1653 1069 1898 1114 utuntur.
1927 1058 2076 1131 Quo-

495 1157 638 1206 niam
681 1168 809 1218 ergo
845 1153 1094 1205 nonnulli
1132 1159 1479 1220 aegrotantes,
1515 1161 1567 1206 et
1601 1150 1813 1206 artibus
1846 1150 2070 1219 magicis

495 1261 553 1297 se
600 1247 670 1298 ita
707 1245 845 1297 allici
873 1245 1280 1308 existimantes,
1338 1244 1421 1298 vel
1456 1244 1616 1298 etiam
1648 1260 1772 1297 cum
1807 1242 2070 1313 quasdam

497 1350 583 1386 res
638 1335 703 1385 ad
736 1349 794 1386 se
840 1334 1181 1402 pertinentes
1239 1334 1647 1402 perdidissent,
1705 1333 2074 1389 iucantatorcs

497 1423 550 1476 in
593 1425 735 1478 ardes
794 1438 923 1478 suas
991 1424 1366 1489 accersebant,
1424 1425 1516 1494 qui
1578 1425 1980 1495 pollicebantur
2015 1441 2074 1480 se

497 1524 642 1568 artes
682 1518 920 1583 magicas
946 1517 1283 1578 inventuros.
1315 1531 1379 1569 ex
1412 1515 1618 1584 quibus
1663 1517 1874 1571 scilicet
1899 1531 2076 1586 aegro-

498 1619 675 1662 tantes
714 1608 1137 1673 decumbebaut,
1169 1615 1222 1662 et
1253 1621 1440 1661 eorum
1488 1605 1948 1667 abominationem
1983 1621 2076 1662 ex-

493 1700 765 1770 piaturos;
811 1700 903 1753 vcl-
933 1700 983 1753 id
1012 1701 1196 1766 etiam,
1233 1697 1380 1768 quod
1428 1701 1692 1753 amissum
1736 1706 1876 1763 erat,
1932 1698 2073 1751 indi-

493 1795 748 1853 caturos;
839 1788 930 1842 alii
1000 1805 1132 1843 vero
1203 1788 1499 1859 gentilibus
1583 1788 2076 1843 consuetudinibus

493 1886 732 1932 mentem
783 1879 1126 1945 adhibentes,
1186 1880 1254 1934 de
1320 1879 1574 1942 felicibus
1639 1888 1693 1934 et
1760 1879 2072 1940 infelicibus

492 1971 702 2024 eventis
735 1970 1146 2048 interrogabant
1178 1971 1485 2039 astrologos
1512 1971 1677 2042 400
1702 1980 1753 2025 et
1784 1972 1941 2031 alios.
1981 1971 2073 2040 qui

493 2059 832 2122 dmmoniaca
869 2076 1034 2129 Opera
1078 2068 1313 2114 tractant
1341 2078 1354 2116 :
1387 2070 1701 2116 statuerunt
1750 2061 1963 2126 Patres,
2017 2070 2076 2116 ιιι

496 2151 532 2205 ii
568 2151 946 2220 quinquennio
989 2167 1181 2221 pmnas
1238 2152 1466 2218 darent;
1510 2163 1573 2206 ιιι
1628 2154 1804 2209 tribus
1868 2154 2079 2209 scilicet

492 2247 654 2299 anuis
683 2252 869 2298 essent
890 2244 1186 2312 substrati;
1217 2251 1272 2299 et
1300 2257 1486 2314 postea
1518 2245 1700 2300 divina
1733 2255 2075 2300 sacramenta

465 2339 780 2408 -pcrt-ipere
811 2337 958 2407 digni
991 2339 1457 2392 existimarentur.
1491 2337 1630 2408 Lege
1671 2339 1834 2398 etiam
1870 2338 1928 2391 6|
1986 2354 2076 2394 ca-

493 2441 690 2485 nonem
733 2441 856 2496 syn.
919 2427 970 2480 in
1011 2427 1221 2492 Trullo,
1284 2438 1337 2483 et
1395 2445 1516 2499 qua:
1581 2430 1633 2483 in
1695 2447 1818 2484 cum
1875 2431 2075 2502 scripta

494 2527 661 2584 sunt;
700 2529 755 2573 et
793 2519 864 2574 85
894 2533 1162 2574 cntionem
1210 2521 1384 2575 sancti
1419 2519 1627 2588 Basilii,
1674 2535 1768 2575 eos
1815 2521 2078 2586 sexennio

493 2611 832 2680 punientem.
892 2613 1172 2666 Memento
1223 2618 1442 2675 autem,
1507 2625 1602 2668 eos
1671 2613 1834 2667 etiam
1885 2613 2075 2668 iisdem

496 2702 674 2769 poenis
707 2701 1104 2770 subjiciendus,
1138 2703 1228 2773 qui
1261 2702 1722 2760 incantatricibus
1763 2713 1817 2759 et
1847 2704 2075 2771 critriis,

492 2800 550 2844 et
581 2789 668 2850 iis.
698 2804 818 2862 qua:
849 2805 973 2844 cum
1019 2791 1222 2847 hordeo
1251 2792 1524 2859 divinant,
1585 2792 1742 2848 tidem
1791 2793 2073 2848 adhibent.

533 2970 824 3026 ‘ZO‘NAR.
865 2971 1156 3030 Vaticiniis
1209 2974 1286 3029 uti
1334 2973 1708 3032 Christianum
1773 2974 2074 3042 hominem,

1771 306 1870 366 ’ΠΙ
1883 303 2048 364 ΕΟΙ).
2099 301 2333 363 BALSA
2343 299 2496 360 ΜοΝ

3615 287 3766 363 1192

2254 427 2273 460 ι
2317 407 2486 460 ἐθνῶν
2517 403 3060 468 κατακολουθοῦντες,
3096 403 3128 476 ἦ
3155 400 3466 472 εἰσάγοντές
3490 418 3642 464 τινας
3678 404 3771 460 ε’ς

2255 519 2272 552 ι
2319 501 2445 562 τοὺς
2475 499 2686 551 ἑαυτῶν
2707 497 2888 560 οῐκους
2915 497 3010 550 ἐπὶ
3041 495 3328 567 ἀνευρέσει
3361 493 3761 565 φαρμακειῶν,

2179 572 2185 577 ’
2252 610 2270 644 ι
2319 593 2349 659 ἥ
2387 591 2480 643 καὶ
2527 589 2817 659 καθάρσει,
2860 588 2963 640 ὑπὸ
3005 587 3099 640 τὸν
3151 587 3355 640 κανόνα
3399 586 3768 654 πιπτέτωσαν

2251 701 2270 736 ι
2314 683 2414 752 τῆς
2439 681 2762 743 πενταετίας
2791 681 2934 734 κατὰ
2955 680 3081 740 τοὺς
3121 679 3367 748 βαθμοὺς
3412 676 3762 748 ὡρισμένους

2253 796 2272 830 ¢
2314 777 2442 847 τρία
2473 775 2566 844 ἐτη
2598 774 2989 835 ὑποπτώσεως,
3012 771 3104 824 καὶ
3127 771 3220 824 δύο
3249 769 3343 840 ἐτη
3371 770 3559 839 εὐχῆς,
3583 766 3763 838 χωρὶς

2251 889 2269 925 ί
2315 869 2651 940 προσφορᾶς.
2695 886 2712 918 ι
3627 926 3634 932 .

2209 1029 2212 1034 _
2247 960 2324 1014 Οὐ
2362 960 2559 1028 μόνους
2600 957 2728 1021 τοὺς
2765 960 2970 1027 γόητας
3016 957 3110 1010 καὶ
3131 955 3260 1018 τοὺς
3319 956 3540 1024 μάντεις
3597 951 3766 1004 κολά-

2178 1053 2362 1116 ζουσιν
2388 1052 2435 1104 οἱ
2467 1050 2715 1112 κανόνες,
2743 1049 2879 1102 ἀλλὰ
2910 1051 3002 1113 καὶ
3032 1049 3158 1110 τοὺς
3190 1047 3512 1117 χρωμένους
3543 1043 3758 1105 αὐτοῖς.

2191 1143 2345 1195 Ἐπεὶ
2370 1140 2462 1194 οῦν
2492 1158 2636 1204 τινες
2672 1139 3113 1209 νοσηλευόμενοι,
3154 1137 3249 1190 κοιλ⁴
3279 1135 3598 1204 νομίζοντες
3644 1132 3758 1197 ἀπὸ

2178 1236 2541 1306 φαρμακειῶν
2573 1235 2824 1303 πάσχειν,
2859 1232 2890 1302 ἢ
2927 1233 3024 1284 καὶ
3061 1229 3434 1290 ἀπολέσαντες
3473 1244 3596 1280 τινα
3640 1226 3758 1278 τῶν

2177 1329 2492 1400 προσόντων
2553 1328 2758 1392 αὐτοῖς,
2794 1326 3193 1398 μετεκαλοῦντο
3233 1324 3440 1392 γόητας
3496 1324 3577 1383 εἰς
3629 1323 3763 1394 τοὺς

2179 1421 2362 1484 οἴκους
2397 1418 2602 1485 αὐτῶν,
2636 1409 2892 1487 ἐφευρεῖν
2921 1415 3432 1485 ἐπαγγελλομένους
3481 1414 3537 1466 ἐν
3573 1413 3763 1476 αὐτοῖς

2174 1512 2273 1575 τὰς
2317 1511 2574 1582 μαγείας,
2609 1510 2667 1577 ἐξ
2714 1503 2789 1563 ὧν
2835 1509 2995 1579 δῆθεν
3051 1506 3455 1575 κατεκλίθησαν
3507 1505 3557 1558 οἱ
3601 1521 3760 1572 νοση-

2174 1606 2478 1676 λευόμενοι,
2513 1605 2606 1658 καὶ
2631 1605 2868 1674 καθᾶραι
2899 1603 2960 1655 τὸ
2991 1602 3096 1655 ἀπὸ
3125 1600 3333 1654 τούτων
3361 1598 3555 1667 μῦσος,
3591 1599 3624 1669 ἢ
3660 1601 3760 1650 καὶ

2174 1698 2235 1751 τὸ
2278 1695 2582 1750 ἀπολεσθέν
2639 1693 3064 1765 καταμηνύσαι·
3118 1692 3270 1747 ἄλλοι
3316 1691 3373 1744 δὲ
3444 1688 3762 1758 συνηθείαις

2179 1788 2421 1850 ἐθνικαῖς
2479 1786 2839 1857 προσέχοντες
2891 1785 3023 1854 περὶ
3071 1784 3468 1854 εὐτυχημάτων
3508 1783 3602 1834 καὶ
3631 1782 3762 1834 δυσ-

2175 1881 2514 1953 τυχημὰτων
2551 1883 2853 1950 ἐρωτήσεις
2913 1877 3206 1931 ἐποιοῦντο
3251 1876 3360 1929 ἀπο
3395 1875 3757 1946 ἀστρολόγων
3849 1948 3860 1951 _

2178 1975 2272 2028 καὶ
2319 1975 2520 2041 ἑτέρων
2592 1969 2938 2041 δαιμωνιώδη
2991 1969 3525 2040 μεταχειριζομένων
3573 1967 3759 2037 ἕργα’

2177 2065 2389 2138 ὥρισαν
2429 2064 2477 2116 οἱ
2529 2062 2771 2131 Πατέρες
2815 2061 2908 2128 ἐπὶ
2944 2059 3271 2127 πενταετίαν
3305 2058 3535 2126 τούτους
3579 2058 3762 2109 ἐπιτι-

2183 2157 2410 2228 μᾶσθαι,
2440 2157 2606 2228 ἤγουν
2634 2154 2728 2208 ἐπὶ
2759 2153 2860 2224 μὲν
2885 2152 3066 2221 τρισὶν
3093 2153 3271 2217 ἐτεσιν
3312 2152 3667 2213 ὑποπίπτειν,
3699 2152 3762 2203 ἐν

2177 2249 2233 2302 δὲ
2260 2249 2409 2302 δυσὶν
2437 2246 2689 2316 εὔχεσθαι
2725 2244 2864 2318 μετὰ
2896 2245 3004 2310 τῶν
3036 2245 3264 2308 πιστῶν,
3287 2244 3380 2297 καὶ
3412 2244 3553 2313 μετὰ
3578 2245 3764 2298 ταῦτα

2179 2337 2464 2416 ἀξιοῦσθαι
2504 2338 2613 2390 τῶν
2661 2336 2823 2401 θείων
2871 2337 3256 2408 ἀγιασμάτων.
3300 2335 3608 2404 Ἀνάγνωθι
3663 2336 3768 2390 καὶ

2178 2430 2270 2482 τὸν
2307 2428 2389 2506 ξαν
2417 2429 2618 2482 κανόνα
2641 2427 2740 2498 τῆς
2771 2428 2828 2480 ἐν
2857 2426 2933 2497 τῷ
2963 2426 3223 2498 Τρούλλῳ
3273 2426 3524 2490 συνόδου,
3557 2427 3653 2478 καὶ
3689 2426 3766 2480 τὰ

2180 2524 2240 2575 ἐν
2275 2521 2423 2591 αὐτῷ
2457 2521 2764 2590 γραφέντα,
2820 2520 2916 2573 καὶ
2945 2519 3038 2572 τδν
3068 2525 3159 2587 πγ¹
3205 2521 3406 2574 κανόνα
3455 2519 3548 2572 τοῦ
3599 2521 3767 2588 ἁγίου

2179 2612 2464 2666 Βασιλείου
2524 2611 2617 2664 ἐπὶ
2671 2611 2922 2677 ἑξαετίαν
2973 2611 3314 2679 ἐπιτιμῶντα
3347 2609 3596 2674 τούτους.
3633 2613 3769 2683 Ἔχε

2180 2703 2238 2757 δὲ
2271 2705 2363 2758 ἐπὶ
2415 2705 2638 2774 μνήμης
2685 2704 2768 2757 ὄτι
2803 2705 2915 2768 τοῖς
2946 2705 3133 2768 αὐτοῖς
3183 2705 3484 2773 ἐπιτιμίοις
3520 2705 3769 2760 ὑποϐάλτ

2178 2792 2367 2848 λον-ται
2397 2797 2491 2848 καὶ
2521 2796 2570 2848 οἱ
2596 2797 3031 2866 προσερχόμενοι
3059 2796 3442 2867 γοητευτρίαις
3489 2797 3584 2850 καὶ
3636 2814 3769 2867 κρι-

2181 2884 2360 2962 τρίαις
2385 2884 2479 2938 καὶ
2503 2887 2623 2946 ταῖς
2647 2885 2785 2954 μετά
2816 2885 3022 2954 κριθῶν
3056 2886 3510 2955 μαντευομέναις.

2169 3013 2180 3024 .
2259 2974 2505 3030 ΖΩΝΑΡ.
2571 2975 2644 3027 Τὸ
2709 2974 3018 3043 κεχρῆσθαι
3080 2975 3424 3044 μαντεύμασι
3489 2993 3582 3030 και
3639 2979 3773 3042 ταῖς

495 3064 842 3122 ethnicorum
898 3074 952 3121 et
999 3065 1318 3130 Grtecorum
1377 3067 1804 3129 consuetudines
1853 3067 2073 3134 sectari,

2183 3066 2425 3130 ἐθνικαῖς
2472 3065 2504 3136 ἦ
2548 3066 2641 3118 καὶ
2684 3063 3027 3138 Ἑλληνικαῖς
3069 3067 3384 3133 ἀκολουθεῖν
3438 3069 3770 3144 συνηθείαις

499 3165 661 3224 atque
697 3156 762 3220 ad
794 3159 920 3210 mali
954 3159 1232 3228 pharmaci
1283 3159 1611 3230 cujuspiam,
1657 3160 1760 3214 hoc
1796 3169 1880 3215 est
1916 3177 2080 3221 vene-

504 3247 610 3301 llcii
665 3248 1037 3303 inventionem
1100 3234 1528 3326 praestigiator-es
1589 3250 1876 3313 admittere
1931 3249 2076 3321 (qui-

505 3340 734 3394 busdam
772 3339 909 3393 inrte
942 3341 996 3394 in
1028 3356 1089 3394 ea
1123 3355 1181 3395 re
1229 3349 1357 3395 tunc
1402 3341 1629 3395 nimium
1677 3341 1955 3412 curiosis),
1994 3341 2078 3398 vel

502 3446 601 3485 eos
635 3429 699 3483 ad
736 3431 973 3485 remedia
1007 3432 1286 3488 veneﬁciis
1335 3435 1622 3502 quaerenda
1670 3433 1929 3490 adhibere
1987 3435 2078 3489 hic

504 3537 678 3576 canon
720 3531 911 3587 vetat;
951 3523 1155 3592 quique
1211 3523 1276 3577 iis
1309 3524 1394 3577 usi
1439 3523 1663 3589 fuerint,
1720 3525 2077 3594 quinquennii

505 3630 720 3684 pennam
760 3615 1086 3683 persolvere,
1127 3630 1188 3681 ac
1231 3617 1405 3669 tribus
1449 3617 1666 3685 quidem
1725 3616 1887 3672 annis
1947 3618 2080 3672 sub-

503 3706 698 3770 SIerni,
752 3707 965 3768 duoluts
1012 3706 1067 3772 in
1127 3714 1396 3761 conventu
1466 3707 1703 3760 ﬁdelium
1761 3707 2079 3772 consistere,

507 3797 918 3866 precatiouique
979 3796 1142 3851 simul
1201 3812 1434 3861 vacare,
1513 3799 1888 3878 quinquennio
1953 3813 2082 3853 vero

502 3889 718 3957 expleto
755 3889 820 3942 ad
880 3889 1014 3942 Boni
1061 3897 1318 3957 praeterea
1371 3890 1808 3944 communionem
1868 3888 2081 3943 admitti

477 3980 674 4069 J'uhet.
739 3979 962 4049 Magnus
1041 3995 1171 4046 vero
1230 3979 1459 4044 Basilius
1533 3980 1862 4051 octogesimo
1925 3981 2084 4034 tertio

502 4087 732 4135 canone,
760 4071 1029 4144 ejusmodi
1065 4071 1312 4127 homines
1351 4071 1598 4136 sexennii
1645 4087 1806 4145 poena
1847 4073 2083 4156 punien-

502 4161 602 4217 dos
639 4178 761 4216 esse
795 4162 1056 4217 decernit.

503 4251 734 4308 AltlST.
770 4273 788 4306 ι
832 4254 934 4319 Qui
966 4254 1243 4310 vaticiniis
1297 4255 1494 4321 utitur,
1544 4265 1596 4312 et
1635 4256 1729 4327 qui
1772 4257 2080 4328 quempiam

581 4365 603 4400 ί
646 4347 698 4402 in
730 4346 950 4400 domum
984 4346 1227 4402 veneﬁcii
1247 4348 1594 4417 exquirendi,
1623 4357 1716 4402 aut
1742 4349 2078 4407 lustrationis

585 4454 605 4487 ι
643 4451 806 4491 causa
841 4438 1162 4504 introducit,
1194 4438 1572 4508 quinquennio
1600 4438 1902 4508 subiaceat.
1947 4457 1965 4491 ι

577 4527 681 4594 Qui
713 4528 926 4592 vatibus
965 4537 1058 4582 aut
1085 4528 1541 4594 incantatoribus,
1591 4539 1685 4584 aut
1717 4530 2081 4593 amuletorum

502 4623 925 4692 praebitoribus,
957 4623 1043 4678 vel
1075 4623 1198 4678 aliis
1244 4621 1554 4680 istiusmodi
1607 4621 1848 4691 seipsum
1897 4623 2078 4686 tradit,

505 4723 564 4769 ut
598 4714 908 4770 revelentur
940 4729 1061 4783 quae
1096 4714 1149 4767 in
1181 4713 1458 4768 desiderio
1486 4711 1673 4775 habet,
1711 4712 1796 4768 vel
1841 4729 1938 4783 per
1967 4729 2083 4770 me-

504 4807 810 4863 dicamenta
843 4807 1044 4860 malum
1093 4805 1232 4859 male
1283 4812 1463 4870 sanat,
1492 4804 1787 4859 triennium
1840 4805 2085 4862 subster-

506 4906 689 4962 netur,
752 4906 806 4952 et
864 4895 1145 4952 biennium
1209 4909 1334 4950 cum
1394 4895 1642 4951 ﬁdelibus
1699 4897 1984 4963 consistet,
2029 4906 2084 4953 et

504 5001 732 5056 precum
769 4987 1012 5042 solarum
1046 4987 1324 5056 particeps
1353 4987 1478 5052 erit,
1527 4997 1582 5042 et
1633 4988 1714 5042 sic
1756 4998 1876 5058 post
1921 4988 2083 5057 quin-

508 5078 805 5146 quennium
858 5079 925 5132 de
972 5079 1244 5134 oblatione
1287 5080 1655 5150 participabit.
1695 5080 1764 5132 At
1809 5080 2086 5148 sexagesi-

511 5185 634 5226 mus
669 5172 879 5244 primus
909 5181 1078 5227 sexta:
1111 5173 1303 5242 synodi
1339 5174 1393 5238 in
1431 5170 1616 5237 Trulla
1651 5187 1830 5227 canon
1862 5172 2022 5227 talem
2051 5186 2080 5224 a

505 5265 894 5323 communione
921 5281 1012 5320 sex
1042 5280 1216 5320 annos
1247 5265 1544 5320 arcendum
1583 5265 1794 5320 statuit.

1066 5441 1300 5498 CANON
1351 5439 1516 5495 xxv.
1631 5505 1633 5507 1

514 5559 534 5594 ι
581 5540 833 5607 Quidam,
869 5539 956 5593 cui
990 5548 1111 5592 erat
1141 5539 1416 5606 desponsa
1455 5534 1652 5605 puella,
1687 5549 1931 5591 sororem
1965 5535 2082 5606 ejus

583 5651 601 5684 ι
647 5633 877 5698 vitiavit,
914 5631 984 5685 ita
1013 5638 1072 5684 ut
1103 5643 1166 5683 ea
1211 5629 1377 5684 etiam
1429 5628 1763 5697 conciperet.
1814 5625 2081 5696 Sponsam

581 5742 603 5784 ιι
648 5733 828 5778 autem
883 5729 1069 5794 postea
1117 5735 1343 5775 uxorem
1391 5719 1546 5775 duxit
1593 5739 1605 5776 :
1657 5735 1717 5777 ea
1753 5727 1934 5774 autem
1988 5717 2079 5771 cui

2178 3159 2306 3227 τοὺς
2352 3156 2736 3225 Χριστιανοὺς,
2795 3158 2890 3209 καὶ
2950 3157 3153 3227 γόητας
3207 3159 3605 3229 προσδέχεσθαι
3667 3161 3775 3215 ἐπὶ

2180 3249 2464 3321 ἀνευρέσει
2499 3247 2852 3320 φαρκακειῶν
2885 3233 3002 3318 ἤτοι
3034 3236 3284 3318 μαγειῶν
3313 3249 3386 3312 ὡς
3417 3251 3559 3321 τάχα
3600 3253 3774 3322 παρά

2180 3357 2342 3395 τινων
2401 3339 2986 3411 περιεργασθέντας,ἢ
3035 3327 3134 3392 ἐπὶ
3184 3341 3452 3411 καθάρσει
3497 3343 3604 3394 τῶν
3632 3359 3776 3414 γοη-

2179 3433 2340 3487 τειῶν
2370 3431 2802 3502 προσκαλεῖσθαι
2830 3432 3048 3498 αὐτοὺς,
3072 3434 3470 3504 ἀπηγόρευται,
3505 3435 3599 3490 καὶ
3632 3439 3772 3509 τοὺς

2181 3523 2390 3585 τούτοις
2415 3523 2733 3592 χρωμένους
2775 3525 2802 3576 ὁ
2835 3523 3017 3576 κανὼν
3050 3524 3155 3576 ὑπὸ
3182 3526 3464 3596 ἐπιτίμιον
3509 3531 3764 3583 ποιεῖται

2183 3618 2531 3682 πενταετίας,
2557 3617 2634 3679 ὡς
2679 3616 2806 3686 τρία
2850 3616 2945 3686 ἔτη
2999 3616 3353 3682 ὑποπίπτειν,
3388 3619 3607 3672 καὶδύο
3663 3621 3771 3703 ἐτη

2184 3705 2544 3777 συνεύχεσθαι
2590 3708 2702 3769 τοῖς
2736 3707 2985 3769 πιστοῖςο
3021 3707 3165 3775 μετὰ
3193 3705 3250 3759 δὲ
3295 3708 3394 3778 τὴν
3436 3709 3776 3763 πενταετίαν

2181 3785 2463 3874 ἀξιοῦνται
2499 3797 2734 3878 καὶτῆς
2779 3797 2870 3851 τοῦ
2916 3798 3146 3866 Ἀγαθοῦ
3191 3799 3569 3880 μεταλήψεως.
3614 3799 3677 3854 Ὀ
3709 3802 3774 3857 δὲ

2187 3889 2358 3959 μέγας
2392 3889 2670 3953 Βασίλειος
2717 3891 2773 3942 ἐν
2809 3890 3152 3960 ὀγδοηκοστῷ
3181 3891 3352 3960 τρίτῳ
3383 3892 3572 3947 κανόνι
3605 3893 3772 3959 ἐξαετ

2182 3981 2306 4048 τίας
2338 3982 2603 4054 ἐπιτιμίῳ
2633 3981 2760 4046 τοὺς
2790 3981 3067 4050 τοιούτρνς
3097 3981 3342 4047 κολάζει.

2182 4237 2404 4304 ΔΡΙΣΤ.
2473 4257 2493 4290 ‹
2553 4239 2617 4292 ’0
2659 4237 3236 4308 καταμαντευόμενος,
3289 4240 3386 4294 καὶ
3432 4239 3462 4293 ό
3522 4239 3772 4310 εἰσάγων

2263 4349 2282 4383 ι
2328 4330 2451 4384 τινὰ
2480 4331 2539 4384 ἐν
2570 4329 2646 4400 τῷ
2689 4330 2822 4398 οἴκῳ
2856 4329 2949 4383 ἐπὶ
2982 4332 3266 4401 ἁνευρέσει
3298 4332 3689 4401 φαρμακειῶν,
3725 4334 3766 4405 ἢ

2256 4441 2276 4475 ι
2324 4423 2611 4493 καθάρσει,
2647 4421 2971 4476 πενταετίαν
2999 4420 3376 4476 ὑποπιπτέτω.
3421 4441 3440 4474 ι

2277 4513 2337 4569 '0
2385 4512 2726 4584 μάντεσιν,ἢ
2775 4513 3118 4583 γοητευταῖς,
3159 4512 3192 4585 ἢ
3242 4512 3661 4583 φυλακτηρίοις,
3725 4514 3765 4594 ἢ

2184 4609 2396 4678 ἑτέροις
2444 4606 2560 4660 τισὶ
2607 4605 2870 4669 τοιούτοις
2915 4605 3112 4668 ἑαυτὸν
3169 4604 3507 4672 ἐκδεδωκὼς,
3538 4607 3630 4668 ἐπὶ
3683 4608 3770 4677 τῷ

2184 4698 2600 4767 ἑκκαλυφθῆναι
2648 4697 2684 4750 ἃ.
2733 4695 2801 4748 δι’
2832 4695 3130 4764 ἐπιθυμίας
3163 4695 3300 4764 ἔχει,
3335 4696 3367 4768 ἢ
3400 4698 3492 4748 ἐπὶ
3537 4713 3770 4766 φαρμα-

2184 4795 2343 4858 κείας
2373 4790 2532 4866 κακῷ
2578 4789 2639 4842 τὺ
2685 4788 2854 4844 κακὸν
2905 4787 3172 4857 ἰώμενος·
3209 4789 3303 4840 ἐπὶ
3341 4789 3584 4858 τριετίαν
3625 4790 3772 4842 ὑπο-

2185 4884 2456 4947 πεσεῖται,
2490 4882 2585 4935 καὶ
2617 4882 2707 4934 ἐπὶ
2738 4879 2942 4934 διετίαν
2996 4881 3330 4949 συστήσεται
3360 4882 3476 4942 τοῖς
3514 4883 3762 4952 πιστοῖς,

2186 4978 2280 5028 καὶ
2327 4975 2504 5044 μόνων
2540 4972 2652 5025 τῶν
2697 4972 2872 5041 εὐχῶν
2902 4971 3232 5040 κοινωνήσει
3257 4987 3271 5002 ·
3322 4973 3415 5024 καὶ
3445 4970 3588 5023 οὕτω
3618 4973 3768 5040 μετὰ

2183 5067 2286 5138 τὴν
2325 5064 2648 5118 πενταετίαν
2697 5062 2917 5141 μεθέξει
2960 5062 3060 5134 τῆς
3104 5064 3444 5133 προσφορᾶς.
3490 5061 3550 5114 ’0
3594 5062 3650 5128 δέ
3683 5061 3767 5126 ξαν

2184 5157 2364 5212 κανὼν
2432 5157 2532 5227 τῆς
2600 5157 2657 5210 ἐν
2715 5156 2793 5226 τῷ
2849 5155 3104 5226 Τρούλλῳ
3161 5155 3328 5226 ἕκτης
3386 5155 3606 5209 συνόδου
3669 5157 3769 5209 ἐπὶ

2185 5249 2434 5316 ἑξαετίαν
2479 5249 2649 5318 ὁρίζει
2677 5245 2770 5300 τὸν
2803 5247 3044 5301 τοιοῦτον
3074 5247 3175 5316 τῆς
3243 5245 3530 5312 κοινωνίας
3560 5247 3767 5317 incipe

2183 5343 2398 5414 γεσθαι.
2811 5379 2818 5384 -

2700 5497 2714 5506 ,
2759 5429 2998 5495 KANnN
3029 5426 3157 5490 KE'.

2193 5547 2210 5581 ι
2251 5525 2750 5597 Μνηστευσάμενός
2778 5541 2862 5587 τις
2892 5523 3084 5593 κόρην,
3118 5518 3476 5590 προσεφθὸιρη
3506 5520 3574 5589 τῇ
3605 5517 3768 5572 ἀδελ-

2265 5639 2284 5673 t
2331 5623 2402 5690 φῇ
2439 5620 2630 5689 αὐτῆς,
2659 5618 2735 5680 ὡς
2792 5615 2887 5669 καὶ
2947 5613 3287 5682 ἐπιφορήσαι
3341 5611 3534 5678 αὐτὴν,
3579 5609 3765 5681 ἔγημε

2261 5732 2279 5765 ι
2322 5712 2504 5782 δὲτὴν
2550 5711 2793 5782 μνηστὴν
2840 5706 2978 5777 μετὰ
3028 5705 3243 5761 ταῦτα·
3285 5706 3317 5774 ἡ
3364 5703 3422 5757 δὲ
3473 5701 3756 5774 φθαρεῖσα
