4076 6454
373 361 514 430 1193

437 589 454 619 ι
499 569 689 638 καετία
710 569 963 638 δεχθῆναι
995 570 1073 630 εἰς
1105 568 1231 630 τοὺς
1264 568 1608 633 συνεστῶτας
1640 571 1785 622 κατά
1814 571 1941 632 τοὺς

442 679 460 710 ι
504 660 845 730 ὡρισμένους
880 661 1142 730 βαθμούς.
1170 679 1191 713 ι

450 752 647 805 ΒΑΛΣ.
692 753 823 804 Ἀπὸ
847 753 1057 819 φάκτου
1093 753 1238 815 τινὸς
1272 754 1323 807 oi
1360 755 1604 824 Πατέρες
1634 754 1957 825 παρεκινήο.

365 846 541 913 θησαν
568 846 657 897 τὸν
690 846 933 916 παρόντα
983 848 1185 901 κανόνα
1216 847 1497 901 ἐκθέσθαι.
1540 846 1938 918 Προσηγγέλθη

365 939 474 1005 γὰρ
505 940 691 1001 αὐτοῖς
716 940 799 991 ὅτι
835 939 1125 1010 ἄνθρωπός
1176 957 1283 1002 τις,
1339 941 1821 1009 μνηστευσάμενος
1852 939 1942 991 κό-

364 1050 488 1101 ρην,
532 1031 848 1102 συνεφθάρη
893 1032 1033 1103 μετά
1084 1033 1186 1101 τῆς
1225 1033 1463 1101 ἀδελφῆς
1498 1032 1693 1099 αὐτῆς.
1733 1032 1808 1094 ὡς
1846 1032 1940 1085 καὶ

362 1123 505 1175 κατά
550 1124 791 1194 γαστέρα
840 1127 1047 1195 ταύτην
1089 1127 1153 1177 ἐκ
1185 1124 1375 1178 τούτου
1420 1124 1707 1177 συλλαϐεῖν
1759 1123 1940 1193 (τοῦτο

360 1219 472 1286 γάρ
500 1219 620 1269 ἐστι
653 1219 712 1271 τὸ
737 1216 1114 1287 ὲπιφορῆσαι),
1146 1218 1238 1269 καὶ
1284 1218 1419 1285 μετά
1466 1217 1625 1269 τοῦτο
1652 1216 1802 1268 ,κατὰ
1836 1216 1936 1283 γά·-

364 1327 467 1379 μου
499 1312 788 1363 κοινωνίαν
822 1307 1173 1377 συνηρμόσθη
1196 1309 1263 1377 τῇ
1295 1306 1475 1377 οἰκεία
1510 1310 1745 1377 μνηστῇ.
1780 1306 1845 1357 Ἠ
1883 1305 1939 1357 δὲ

358 1402 671 1470 αὑταδέλφη
722 1401 928 1469 ταύτης
963 1402 1063 1454 σὺν
1112 1399 1191 1467 τῷ
1239 1400 1601 1469 ἁμαρτήματι
1632 1399 1733 1469 τῆς
1776 1399 1940 1466 αίμο-

363 1493 547 1561 μιξίας
574 1493 865 1562 ἐφόνευσεν
893 1492 1116 1560 ἑαυτήν.
1155 1492 1385 1561 ’Ὡρισαν
1417 1489 1510 1543 οὖν
1542 1490 1665 1553 τοὺς
1699 1491 1940 1543 συνειδό-

360 1602 460 1648 τας
485 1584 655 1637 ταῦτα
698 1586 769 1636 τὰ
797 1584 966 1643 κακὰ,
997 1582 1135 1653 μετά
1165 1581 1450 1635 δεκαετίαν
1492 1582 1811 1648 ὀφείλουσαν
1852 1581 1941 1634 διὰ

360 1678 471 1728 τῶν
504 1677 754 1747 συνήθων
806 1674 1037 1745 βαθμῶν
1086 1672 1403 1745 παρελθεῖν,
1436 1673 1694 1744 δεχθῆναι
1726 1676 1807 1737 είς
1840 1673 1940 1744 τὴν

362 1769 503 1841 μετὰ
533 1769 639 1821 τῶν
671 1769 882 1821 πιστῶν
914 1769 1101 1838 εὐχήν.
1141 1767 1233 1837 Μὴ
1264 1766 1566 1836 ἐναντιωθῇ
1597 1767 1655 1820 δέ
1686 1785 1771 1820 σοι
1796 1769 1935 1836 πρὶς

358 1864 531 1917 ταῦτα
557 1866 583 1916 ὁ
607 1863 689 1936 οη¹
713 1862 894 1917 κανὼν
919 1863 1015 1915 τοῦ
1045 1863 1202 1931 ἁγίου
1225 1862 1530 1925 Βασιλείου,
1564 1862 1933 1932 διοριζόμενος

361 1957 502 2028 μετά
526 1958 666 2010 ἐτττά
703 1957 929 2028 χρόνους
971 1956 1256 2021 ἀξιοῦσθαι
1307 1956 1416 2008 τῶν
1452 1955 1613 2008 θείων
1656 1955 1932 2023 ἀγιασμά-

355 2067 463 2099 των
512 2049 603 2100 τὸν
653 2044 1105 2117 συναρμοσθέντα
1148 2046 1292 2099 κατά
1342 2045 1508 2115 νόμον
1554 2044 1735 2115 γάμου
1783 2045 1935 2097 δυσὶν

354 2140 616 2207 ἀδελφαῖς
642 2156 656 2191 έ
695 2139 932 2193 ἐνταῦθα
968 2140 1084 2208 γὰρ
1112 2138 1284 2191 πολλὰ
1311 2138 1694 2207 ὲτολμήθησαν
1725 2137 1928 2200 ἄτοπα,

357 2232 605 2302 πορνεία,
633 2232 1042 2301 ἀθεμιτογαμία
1085 2231 1180 2283 καὶ
1225 2230 1385 2299 φόνος
1416 2246 1429 2260 °
1465 2230 1645 2282 ἐκεῖσε
1689 2229 1746 2282 δὲ
1796 2230 1931 2298 μόνη

355 2324 787 2394 ἀθεμιτογαμία.
852 2323 961 2377 Καὶ
1014 2323 1101 2376 διὰ
1162 2321 1323 2375 τοῦτο
1366 2321 1665 2389 βαρύτερον
1718 2320 1930 2391 ὡρίσθη

354 2410 461 2469 ὦδε
497 2414 557 2466 τὸ
592 2414 890 2485 ἐπιτίμιον.
933 2415 1235 2483 Ἐρωτήσει
1270 2413 1326 2466 δέ
1352 2430 1455 2475 τις,
1480 2412 1579 2464 Διὰ
1631 2412 1682 2465 τί
1732 2413 1933 2481 ὁμοίως

355 2509 718 2579 ἐπιτιμῶν-ται
767 2510 880 2571 τοῖς
930 2508 1258 2574 αὐτουργοῖς
1301 2507 1397 2559 καὶ
1449 2508 1497 2558 οἱ
1576 2505 1929 2569 συνειδότες;

354 2602 571 2667 Λύσις.
612 2600 737 2654 Ἐπὶ
782 2600 891 2652 τῶν
929 2597 1205 2668 ἀθεμίτων
1249 2598 1445 2666 γάμων
1497 2594 1660 2649 πλέον
1704 2593 1934 2664 ὤφειλον

354 2690 712 2765 ἐπιτιμᾶσθαι
746 2692 795 2744 ei
826 2690 1131 2752 συνειδότες
1178 2687 1331 2758 παρά
1380 2688 1510 2750 τοὺς
1561 2686 1927 2757 αὐτουργούς.

353 2786 593 2849 Τούτους
627 2784 737 2855 γὰρ
786 2783 1049 2845 πολλάκις
1099 2779 1369 2835 ἀκολασία
1419 2779 1682 2850 ἐρωτικὴ,
1714 2782 1808 2832 καὶ
1856 2780 1931 2850 μὴ

356 2880 739 2951 βουλομένους,
772 2876 1005 2943 κατάγει
1034 2874 1172 2946 πρὸς
1197 2873 1258 2925 τὸ
1289 2872 1551 2942 ἀθέμιτον
1579 2890 1593 2902 ·
1641 2873 1841 2923 ἐκεῖνοι
1876 2870 1932 2923 δὲ

356 2970 727 3040 συγγνωστέοι
758 2968 858 3021 οὐκ
906 2967 1073 3027 εἰσὶν,
1117 2964 1195 3027 ὡς
1225 2965 1316 3017 ἐπὶ
1345 2964 1424 3031 τῷ
1463 2962 1621 3033 κακῷ
1673 2962 1934 3033 συμπρά-

356 3066 546 3139 ξαντες
566 3061 738 3132 χωρὶς
768 3060 1018 3128 ἀνάγκης
1057 3057 1225 3120 τινὸς,
1258 3057 1353 3109 καὶ
1404 3056 1926 3125 εὐχαριστείτωσαν,

1416 363 1495 422 IN
1530 363 1695 424 CAN.
1739 364 1930 426 XXIV
1966 362 2179 427 CONC.
2220 366 2480 432 ANCYB.

444 497 463 528 ι
506 477 793 545 ἀπήγξατο
818 490 831 506 ⁸
871 476 919 527 οἱ
953 474 1255 536 συνειδότες
1303 473 1705 546 ἐκελεύσθησαν
1754 477 1811 529 ἐν
1852 477 1936 528 δε·
1967 481 2009 535 Α

1964 1814 2012 1874 Β

3486 378 3620 443 119i

2121 496 2139 528 ‹
2183 489 2433 549 stuprum
2466 491 2585 537 erat
2609 482 2820 538 illatum
2858 500 2916 540 se
2945 486 3254 545 suﬂ'ecavit.
3282 488 3385 556 Qui
3416 495 3619 550 conscii

2125 589 2142 620 ι
2189 570 2425 637 fuerant,
2474 574 2613 642 jnssi
2675 586 2803 631 sunt
2843 577 3110 634 deccnnie
3164 583 3305 638 inter
3352 600 3472 650 eos,
3528 589 3619 656 qui

2126 680 2143 712 ι
2187 665 2521 729 consistunt,
2558 666 2748 736 recipi,
2776 683 2874 737 per
2901 670 3105 741 gradus
3133 672 3406 729 deﬁnilos.
3452 694 3472 727 ι

2118 753 2311 810 BALS.
2356 757 2430 810 Ex
2484 757 2628 812 facto
2657 761 2893 829 quodam
2949 762 3082 816 moti
3137 775 3266 820 sunt
3310 766 3521 832 Patres,
3562 779 3623 825 ut

2047 858 2372 915 praesentem
2400 866 2664 904 canonem
2698 852 2943 907 ederent.
2974 853 3064 909 Eis
3108 859 3252 910 enim
3304 861 3615 916 nuntiatum

2042 950 2126 994 est
2156 942 2447 1009 quemdam
2481 943 2782 1010 hominem,
2812 947 2898 999 cui
2934 948 3108 1015 puella
3152 959 3269 1004 erat
3318 951 3617 1021 desponsa,

2042 1045 2285 1087 sororem
2314 1033 2434 1103 ejus
2472 1045 2886 1106 constuprasse,
2933 1051 2991 1093 ut
3020 1042 3109 1096 illa
3164 1046 3328 1097 etiam
3359 1060 3422 1100 ex
3468 1061 3536 1101 eo
3564 1047 3618 1099 in

2044 1130 2201 1176 utero
2283 1126 2598 1195 conciperet
2673 1129 2849 1197 (illud
2932 1133 3079 1187 enim
3161 1135 3432 1204 signiﬁcat
3515 1154 3618 1192 vox

2042 1216 2428 1286 ὲπιφορῆσαι),
2455 1226 2508 1271 et
2538 1232 2725 1288 postea
2752 1223 3085 1279 matrimonii
3110 1229 3375 1285 societate
3398 1246 3617 1301 sponsm

2043 1322 2157 1362 suae
2191 1310 2518 1380 conjunctus
2547 1322 2646 1366 est.
2683 1312 2814 1382 Ejus
2851 1325 3033 1371 autem
3088 1334 3265 1385 soror,
3298 1337 3420 1375 cum
3473 1325 3619 1380 ince-

2041 1410 2158 1455 stus
2183 1403 2432 1467 crimine,
2458 1404 2561 1458 sibi
2586 1405 2686 1473 ipsi
2711 1415 2940 1462 mortem
2968 1412 3256 1466 conscivit.
3283 1413 3621 1474 Defmierunt

2041 1509 2197 1563 ergo,
2258 1503 2315 1549 ut
2371 1497 2465 1564 qui
2518 1500 2712 1552 horum
2778 1501 3046 1555 malorum
3108 1504 3325 1560 fuerant
3379 1511 3618 1574 conscii,

2040 1596 2165 1655 post
2188 1587 2513 1643 decennium
2539 1591 2684 1659 quod
2710 1593 2942 1648 debebat
2973 1610 3070 1664 per
3091 1597 3293 1664 gradus
3323 1611 3619 1658 consuetos

2042 1679 2361 1745 procedere,
2398 1681 2466 1735 ad
2502 1684 2805 1738 orationem
2843 1700 2948 1739 una
2984 1702 3109 1741 cum
3140 1688 3391 1746 fidelibus
3423 1694 3621 1748 admit-

2042 1776 2308 1823 terentur.
2370 1768 2449 1825 Ne
2495 1770 2591 1825 tibi
2644 1781 2824 1825 autem
2884 1772 2970 1827 his
3020 1778 3332 1831 contrarius
3370 1780 3618 1833 videatur

2036 1872 2216 1914 canon
2257 1862 2326 1916 ‘78
2374 1863 2550 1917 sancti
2599 1863 2809 1930 Basilii,
2859 1864 3182 1931 decernens,
3233 1880 3356 1937 post
3407 1880 3615 1941 septem

2042 1967 2219 2007 annos
2253 1952 2565 2007 divinorum
2611 1966 3080 2012 sacramentorum
3130 1962 3478 2028 perceptione
3529 1966 3615 2017 di-

2039 2062 2204 2115 gnum
2236 2046 2421 2102 haberi
2452 2063 2599 2113 eum,
2635 2049 2726 2118 qui
2758 2049 3005 2120 legitimo
3035 2052 3383 2108 matrimonio
3405 2055 3615 2110 duabus

2039 2136 2321 2192 sororibus
2360 2137 2693 2207 eonjunctus
2730 2148 2833 2192 est.
2870 2137 2974 2194 Hic
3001 2140 3147 2194 enim
3182 2142 3352 2196 multa
3402 2142 3614 2198 nefaria

2036 2234 2334 2285 commissa
2362 2241 2528 2286 sunt:
2561 2231 2878 2296 fornicatio,
2917 2233 3166 2288 illicitum
3198 2236 3611 2291 matrimonium

2029 2332 2090 2377 et
2118 2324 2295 2378 caedes
2325 2341 2339 2389 ;
2393 2324 2508 2379 illic
2533 2334 2735 2388 autem,
2771 2335 2981 2379 tantum
3024 2327 3295 2382 nefarium
3333 2330 3616 2384 matrimo-

2038 2417 2210 2470 nium.
2242 2414 2307 2470 Et
2339 2426 2625 2486 propterea
2655 2418 2872 2487 gravior
2900 2418 2989 2473 hic
3040 2433 3201 2487 poena
3253 2419 3474 2474 decreta
3505 2431 3608 2476 εει..

2036 2508 2462 2578 latet-rogaverit
2491 2516 2673 2563 autem
2708 2508 2983 2579 quispiam
3009 2528 3022 2564 :
3052 2509 3165 2566 Cur
3186 2511 3247 2574 ii,
3276 2512 3369 2580 qui
3402 2516 3612 2567 conscii

2037 2607 2187 2664 sunt,
2216 2615 2370 2660 aeque
2404 2600 2726 2669 puniuntur,
2756 2614 2819 2654 ac
2843 2602 2943 2670 ipsi
2982 2602 3236 2657 actores?
3290 2603 3525 2660 Salutio.
3555 2604 3611 2657 In

2037 2690 2245 2745 illicitis
2275 2704 2338 2745 ac
2368 2690 2594 2745 nefariis
2634 2691 2845 2756 nuptiis
2876 2692 3062 2763 magis
3096 2693 3280 2762 puniri
3322 2694 3523 2749 debent
3553 2695 3613 2758 ii,

2036 2783 2127 2852 qui
2160 2790 2289 2837 sunt
2316 2783 2549 2851 conscii,
2580 2797 2745 2853 quam
2774 2783 2863 2852 qui
2890 2794 3082 2851 agunt.
3106 2785 3220 2838 Hos
3238 2785 3382 2838 enim
3406 2787 3613 2840 amoris

2039 2874 2380 2942 impotentia,
2416 2889 2561 2943 saepe
2598 2874 2761 2929 etiam
2801 2874 3074 2938 nolentes,
3122 2875 3189 2929 ad
3225 2876 3278 2930 id
3331 2880 3479 2945 quod
3532 2887 3621 2930 est

2037 2965 2286 3019 illicitum
2344 2966 2722 3034 nefariumque
2770 2964 2991 3020 deducit
3043 2983 3057 3019 :
3114 2965 3221 3020 illis
3271 2977 3452 3021 autem
3503 2982 3613 3021 non

2036 3064 2119 3108 est
2146 3055 2328 3109 danda
2362 3056 2540 3118 rcnia,
2574 3054 2665 3123 qui
2697 3054 2904 3123 absque
2936 3055 3042 3108 ulla
3074 3054 3234 3126 ἀοι
3287 3056 3617 3111 necessitate

354 3159 438 3211 ὅτι
470 3155 673 3226 ὁμοίως
711 3155 827 3216 τοῖς
869 3152 1194 3223 αὐτουργοῖς
1239 3150 1581 3214 κολάζονται.
1618 3149 1930 3226 Συνειδότες

2039 3145 2180 3199 male
2216 3145 2479 3199 auxilium
2514 3146 2720 3210 tulere;
2750 3152 2802 3198 et
2834 3144 2974 3199 bene
3017 3158 3202 3198 secum
3252 3152 3435 3198 actum
3492 3160 3616 3200 esse

356 3250 412 3303 δέ
442 3218 583 3302 εἰσιν
610 3247 660 3299 οἱ
698 3218 1142 3317 συμπράξαντες,
1173 3242 1233 3296 οὐ
1272 3241 1377 3313 μὴν
1404 3242 1454 3294 οἱ
1486 3242 1700 3311 ἔχοντες
1747 3218 1933 3304 ἁπλῶς

356 3341 585 3411 εἴδησιν,
615 3341 710 3394 καὶ
736 3337 982 3394 κωλῦσαι
1016 3336 1090 3409 μὴ
1119 3337 1431 3405 δυνάμενοι.

431 3612 675 3670 ΖΩΝΑΡ.
736 3611 1053 3681 Μνηστείαν
1113 3627 1198 3672 τις
1253 3610 1625 3677 συνεστήσατο
1679 3609 1772 3662 ἐπί
1824 3626 1930 3661 τινι

356 3708 501 3779 κόρῃ
526 3722 542 3739 ο
578 3706 747 3775 μήπω
776 3703 833 3755 δὲ
857 3703 966 3756 τῶν
990 3702 1279 3769 γαμηλίων
1310 3700 1398 3751 ἐπ’
1429 3700 1616 3763 αὐτοῖς
1646 3699 1933 3753 τελεσθέν-

354 3817 483 3861 των,
516 3800 543 3852 ὁ
573 3796 821 3867 μνηστὴρ
853 3792 1165 3862 συνεφθάρη
1194 3795 1258 3862 τῇ
1288 3791 1491 3860 ἀδελφῇ
1523 3791 1623 3858 τῆς
1654 3792 1927 3862 μνηστῆς,

355 3889 430 3954 ὡς
479 3888 675 3956 ἔγκυον
711 3885 935 3953 ἐκείνην
986 3882 1263 3951 γενέσθαι.
1317 3880 1490 3934 Τοῦτο
1540 3881 1650 3951 γάρ
1708 3881 1826 3933 ἐστι
1868 3882 1931 3934 τὸ

358 3980 695 4048 ὲπιφορῆσαι
752 3975 943 4042 αὑτήν.
999 3968 1133 4025 Εἶτα
1179 3972 1208 4024 ὀ
1258 3970 1401 4042 ἀνὴρ
1437 3972 1615 4040 ἔγημε
1660 3968 1759 4042 τὴν
1796 3987 1933 4040 μνη-

358 4071 512 4138 στὴν,
540 4069 573 4136 ή
607 4066 878 4136 φθαρεῖσα
908 4064 965 4117 δὲ
993 4062 1302 4133 ἀπήγξατο.
1343 4062 1499 4114 Κατά
1545 4060 1657 4115 τῶν
1701 4061 1935 4114 συνειδό-

354 4180 463 4217 των
497 4159 590 4213 οὖν
628 4157 726 4228 τὴν
759 4159 962 4212 ἄτοπον
1003 4155 1212 4225 ταύτην
1250 4153 1452 4223 πρᾶξιν
1504 4152 1765 4208 δεκαετία
1801 4150 1934 4223 ὠρί-

359 4253 484 4323 σθηδ
513 4249 655 4307 ὥστε
682 4249 880 4312 αὐτοὺς
908 4247 1112 4317 ταύτης
1148 4243 1527 4319 παρελθούσης
1567 4245 1823 4315 δεχθῆναι
1851 4244 1933 4307 είς

354 4345 484 4407 τοὺς
553 4340 921 4403 συνεστῶτας.
976 4339 1036 4391 '0
1086 4337 1144 4390 δὲ
1194 4336 1287 4390 τοῦ
1356 4335 1594 4407 μεγάλου
1644 4334 1929 4389 Βασιλείου

356 4434 761 4504 ἑθδομηκοστδς
804 4431 994 4499 ὄγδοος
1040 4427 1243 4492 κανὼν,
1295 4427 1386 4481 τὸν
1441 4427 1535 4481 δύο
1563 4426 1803 4496 ἀδελφὰς
1850 4429 1931 4488 είς

357 4495 694 4582 συνοικεσιον
731 4495 1075 4595 ἀγαγόμενον
1104 4524 1244 4575 κατὰ
1266 4520 1427 4573 ἄλλον
1456 4520 1552 4574 καλ⁸
1599 4495 1761 4574 ἄλλον
1802 4521 1929 4590 χρό·
1961 4495 2010 4551 ί)

355 4637 465 4684 νον,
490 4618 743 4673 ἐνιαυτὸν
787 4615 1144 4685 προσκλαίειν
1175 4612 1368 4681 ὁρίζει,
1402 4610 1492 4663 δύο
1546 4608 1589 4663 δ’
1652 4611 1928 4681 ἐπακροᾶ-

358 4712 504 4777 σθαι,
538 4712 689 4782 τρεῖς
722 4706 1076 4768 ὑποπίπτειν,
1102 4701 1186 4791 Στῴ
1217 4702 1431 4771 ἐὸδόμῳ
1461 4701 1787 4753 συνίσταθαι
1819 4703 1931 4763 τοῖς

358 4806 592 4867 πιστοῖς,
620 4802 711 4854 καὶ
744 4798 887 4852 οὕτω
918 4800 1016 4867 τῆς
1045 4797 1361 4867 προσφορᾶς
1388 4792 1803 4858 καταξιοῦσθαι,
1836 4795 1930 4847 ἐὰν

362 4897 500 4968 μετά
524 4893 778 4964 δακρύων
838 4891 1172 4959 μετανοήσῃ.
1207 4886 1367 4938 Εἴποι
1418 4884 1512 4939 οὖν
1560 4883 1624 4938 ἄν
1670 4902 1773 4948 τις,
1809 4886 1931 4948 Πῶς

357 4986 596 5041 ἐνταῦθα
625 4981 928 5053 βαρύτερον
979 4978 1105 5039 τοὺς
1149 4975 1460 5037 συνειδότας
1488 4976 1538 5027 οἱ
1564 4977 1664 5044 τῆς
1707 4978 1929 5028 συνόδου

360 5080 661 5141 ἐκόλασανς
694 5070 865 5145 Οἶμαι
902 5070 1081 5123 τοίνυν
1122 5070 1205 5122 ὅτι
1244 5067 1373 5120 ἔνθα
1397 5067 1491 5120 δύο
1518 5067 1751 5137 ἀδελφὰς
1784 5070 1811 5119 ὁ
1838 5070 1933 5121 αὺ-

360 5173 449 5235 τὸς
495 5171 575 5232 εἰς
611 5167 791 5236 γάμον
816 5165 1031 5233 ἄγεται,
1064 5159 1473 5231 ἀθεμιτογαμίᾳ
1505 5160 1641 5231 μόνῃ
1678 5158 1933 5230 πλημμε-

360 5263 535 5316 λεῖται
562 5274 575 5289 ·
620 5259 713 5310 ὲπὶ
752 5256 809 5311 δὲ
850 5256 945 5323 τῆς
980 5250 1265 5322 παρούσης
1306 5249 1614 5314 ὑποθέσεως
1658 5250 1829 5305 πολλά
1862 5254 1932 5305 tit

361 5347 703 5420 τολμηθέντα
735 5341 897 5414 ἦσαν,
924 5342 1097 5412 φθορά
1125 5342 1224 5412 τῆς
1267 5339 1564 5409 παρθένου,
1597 5339 1931 5410 ἀθεμιτογα-

364 5447 485 5518 μία,
513 5444 586 5505 ὡς
610 5441 703 5495 δύο
724 5439 977 5508 ἀδελφαῖς
1007 5437 1101 5490 τοῦ
1128 5433 1293 5487 αὑτοῦ
1319 5433 1629 5505 μιχθέντος,
1650 5434 1742 5486 καὶ
1773 5436 1934 5503 φόνος

364 5540 429 5591 ἐκ
462 5538 560 5606 τῆς
592 5534 771 5595 αἰτίας
800 5530 1007 5600 ταύτης
1038 5527 1354 5599 γενόμενος,
1391 5526 1488 5580 καὶ
1525 5525 1616 5581 διὰ
1645 5526 1806 5583 τοῦτο
1836 5528 1934 5598 βα-

370 5632 593 5701 ρύτερον
620 5624 829 5695 ὡρίσθη
864 5624 922 5675 τὸ
952 5622 1251 5687 ἐπιτίμιον.

363 5720 583 5783 ΑΡΙΣΤ.
644 5737 661 5769 ι
705 5715 886 5785 Κόρην
916 5714 995 5775 τίς
1054 5729 1193 5774 τινος
1242 5713 1716 5783 μνηστευσάμενος
1765 5732 1937 5786 προσ-

445 5834 463 5869 ι
506 5812 714 5883 εφράρη
743 5812 807 5878 τῇ
830 5807 1032 5875 ἀδελφῇ
1067 5804 1257 5875 αὐτῆς,
1286 5802 1403 5859 εἶτα
1428 5807 1526 5878 τὴν
1551 5805 1795 5879 μνηστὴν
1814 5807 1935 5862 ἕλα-

656 5908 928 5969 l’unoL.
962 5902 1464 5969 Gu.CXXXV|l.

2034 3237 2371 3298 existiment,
2403 3235 2547 3304 quod
2577 3250 2684 3288 non
2720 3234 2891 3303 magis
2935 3248 3099 3303 quam
3155 3234 3191 3287 ii
3221 3234 3312 3305 qui
3370 3235 3617 3291 fecerunt

2035 3330 2357 3398 puniantur.
2390 3327 2530 3383 Sunt
2563 3337 2745 3382 antetn
2776 3326 2983 3381 conscii
3016 3326 3075 3389 ii,
3119 3329 3214 3396 qui
3250 3343 3412 3398 opera
3458 3328 3617 3397 juve-

2037 3429 2198 3488 runt;
2232 3438 2338 3476 non
2366 3430 2543 3476 autem
2573 3421 2633 3485 ii,
2659 3420 2752 3490 qui
2776 3419 2946 3475 solam
2969 3418 3171 3476 habent
3193 3420 3614 3485 conscientiam,

2034 3526 2089 3572 et
2132 3516 2423 3586 prohibere
2451 3524 2749 3585 nequeunt.

2108 3609 2363 3664 ZONAR.
2399 3607 2681 3679 Desponsa
2721 3609 2898 3664 fuerat
2950 3609 3168 3665 cuidam
3223 3608 3425 3678 puella,
3452 3609 3614 3677 cujus

2035 3717 2280 3758 sororem
2313 3701 2518 3771 nuptiis
2546 3701 2787 3756 nondum
2823 3703 3060 3771 peractis
3084 3716 3322 3769 sponsus
3374 3701 3612 3764 vitiavit,

2035 3810 2156 3865 quae
2181 3794 2347 3849 etiam
2378 3808 2443 3847 ex
2477 3793 2572 3849 ille
2602 3794 2899 3848 concubitu
2950 3793 3171 3863 gravida
3216 3793 3357 3848 facta
3400 3802 3504 3848 est.
3534 3794 3612 3865 (ΙιΙ

2032 3886 2177 3939 enim
2208 3883 2478 3955 significat
2510 3883 2735 3937 verbum
2780 3883 3165 3953 ὲπιφορῆσαι.)
3203 3882 3471 3952 Sponsam
3515 3885 3611 3938 de-

2035 3974 2159 4028 inde
2190 3978 2271 4028 vir
2304 3973 2425 4042 ejus
2457 3973 2734 4038 traduxit;
2767 3989 2890 4044 qua:
2920 3988 3048 4028 vero
3084 3977 3262 4029 fuerat
3306 3972 3493 4027 vitiata
3548 3989 3607 4027 se

2036 4065 2346 4122 suffocavit.
2377 4064 2579 4119 Contra
2616 4064 2783 4134 igitur
2809 4063 3013 4135 indigni
3066 4063 3327 4119 facinoris
3357 4063 3613 4118 conscios

2032 4156 2287 4212 decennii
2328 4170 2489 4226 penna
2517 4156 2851 4219 constituta;
2896 4168 3005 4223 quo
3055 4153 3275 4208 deruunt
3316 4153 3504 4222 elapso
3557 4153 3611 4205 in

2034 4249 2277 4305 fidelium
2309 4253 2642 4302 conventum
2672 4244 3067 4315 reciperentur.
3113 4244 3291 4315 Magni
3324 4259 3452 4300 vero
3505 4243 3610 4298 Ba.

2034 4342 2143 4397 silii
2173 4339 2614 4411 septuagesimus
2632 4347 2860 4393 octavus
2885 4352 3087 4403 canon,
3111 4336 3206 4408 qui
3230 4336 3368 4392 duas
3391 4350 3611 4392 sorores

2035 4436 2255 4490 diverso
2284 4442 2530 4503 tempore
2556 4431 2800 4499 duxerit,
2835 4446 2945 4485 uno
2979 4445 3125 4486 armo
3169 4430 3225 4484 in
3272 4430 3420 4485 luctu
3448 4444 3608 4496 esse,

2035 4527 2251 4582 duobus
2302 4526 2446 4581 inter
2503 4523 2822 4588 audientes,
2881 4522 3061 4579 tribus
3130 4523 3184 4576 in
3242 4521 3613 4577 substratione

2034 4622 2258 4693 degere,
2319 4619 2554 4691 septimo
2587 4620 2640 4674 in
2670 4617 3009 4672 consortium
3080 4615 3321 4671 fidelium
3363 4614 3611 4682 admitti,

2033 4726 2085 4770 et
2118 4716 2221 4779 sic,
2255 4714 2298 4768 si
2336 4727 2459 4768 cum
2492 4711 2754 4783 lacrymis
2800 4710 3179 4781 ptenitentiam
3230 4708 3423 4779 egerit,
3454 4707 3610 4763 ebla-

2036 4805 2185 4860 tionc
2240 4804 2461 4872 dignum
2522 4801 2707 4855 haberi
2771 4800 2946 4870 jubet.
2979 4798 3197 4864 Quaaret
3240 4798 3406 4868 igitur
3455 4798 3611 4867 quis-

2035 4897 2229 4966 piam:
2272 4894 2383 4947 Cur
2427 4892 2481 4946 in
2533 4907 2649 4955 eos,
2695 4893 2786 4961 qui
2835 4889 3041 4946 conscii
3098 4888 3333 4950 fuerant,
3387 4888 3611 4959 gravius

2036 4986 2140 5039 hoc
2174 4984 2292 5037 loco
2327 4981 2524 5052 synodi
2560 4980 2749 5035 Patres
2780 4976 3312 5034 animadverterint?
3344 4978 3454 5049 Ego
3480 4992 3611 5033 vero

2036 5086 2322 5145 propterea
2351 5073 2399 5127 id
2435 5071 2637 5126 factum
2663 5071 2938 5133 existimo,
2966 5069 3109 5139 quod
3134 5068 3227 5138 qui
3264 5068 3611 5123 matrimonio

2037 5166 2173 5220 duas
2205 5165 2308 5220 sibi
2340 5179 2563 5219 sorores
2591 5163 2791 5234 jungit,
2823 5162 2876 5216 in
2908 5148 2974 5217 eo
3023 5170 3258 5224 tantum,
3311 5160 3459 5231 quod
3501 5174 3613 5216 ve-

2038 5260 2152 5313 titis
2212 5272 2272 5312 se
2333 5256 2540 5326 nuptiis
2589 5254 2913 5324 alligaverit,
2968 5261 3158 5323 peccat
3205 5267 3221 5307 :
3272 5252 3325 5306 in
3351 5250 3611 5322 presenti

2039 5361 2218 5405 autem
2256 5349 2405 5404 facto
2438 5348 2609 5402 multa
2638 5346 2846 5402 scelera
2877 5347 3134 5411 inerant;
3163 5345 3313 5416 virgo
3336 5351 3608 5412 stuprata,

2037 5443 2243 5515 nuptis:
2296 5441 2541 5507 nefariae,
2612 5455 2738 5495 cum
2793 5439 3006 5495 duabus
3064 5426 3275 5519 scilicet
3323 5437 3610 5492 sororibus

2037 5537 2238 5600 coitus,
2278 5544 2394 5588 tum
2421 5532 2620 5590 exinde
2662 5547 2884 5603 quoque
2924 5540 3112 5587 secuta
3146 5535 3363 5595 caedes;
3402 5527 3610 5585 idcirco

2038 5626 2381 5697 gravioribus
2408 5626 2585 5695 pinnis
2607 5620 2735 5690 jure
2765 5624 3007 5678 damnati
3043 5630 3195 5679 sunt.

2037 5705 2266 5772 ARIST.
2300 5734 2319 5769 ι
2361 5715 2595 5782 Quidam
2627 5731 2751 5771 cum
2787 5716 3020 5786 puellam
3047 5715 3459 5785 desponsasset,
3515 5731 3608 5773 so-

2127 5828 2144 5861 ‹
2180 5822 2357 5865 rorem
2394 5808 2514 5879 ejus
2554 5804 2795 5876 violavit,
2825 5806 3020 5864 deinde
3062 5821 3319 5877 sponsam
3375 5810 3603 5879 accepit,

3131 5901 3202 5963 38
