4076 6398
389 345 525 412 1197

1414 344 1496 403 ΙΝ
1542 344 1707 404 CAN.
1756 343 1815 402 Il
1841 343 2053 404 CONC.
2096 342 2534 405 NEOC/ESAR.

3500 331 3634 396 1198

455 461 653 515 ΒΑΛΣ.
695 461 755 514 '0
781 459 1137 523 ἁποστολικδς
1184 458 1278 525 κς·’
1327 461 1509 515 κανὼν
1547 463 1672 524 τοὺς
1718 460 1813 514 τοῦ
1874 461 1967 533 βή-

2146 460 2340 517 BALS.
2378 460 2724 531 Apostolicus
2753 473 2928 514 canon
2974 456 3044 513 26
3074 471 3201 524 eos,
3240 455 3333 526 qui
3380 466 3513 512 sunt
3547 471 3639 509 ee-

391 570 579 623 ματος,
630 552 1072 622 συναπτομένους
1136 553 1274 624 μετὰ
1317 554 1418 623 τὴν
1470 553 1808 623 χειροτονίαν
1862 571 1963 621 γυ-

386 644 530 710 ναιξὶ
561 645 703 698 κατὰ
734 645 896 713 νόμον
937 644 1139 713 γάμου,
1171 643 1553 713 καθαιρεῖσθαι
1590 644 1960 700 διατάττεται.

387 736 497 787 Καὶ
550 736 576 786 ὁ
622 732 811 803 παρὼν
858 734 1038 786 κανὼν
1071 734 1389 804 παρομοίως
1451 733 1598 802 αὐτῷ
1645 732 1960 804 διορίζεται.

398 826 627 891 Ἐπάγει
674 825 731 879 δὲ
772 828 879 891 ὅτι,
918 827 1012 880 ἐάν
1040 843 1117 890 τις
1158 827 1214 891 ἐξ
1258 826 1438 880 αὐτῶν
1466 826 1806 898 πορνεύσῃῆ
1843 843 1963 895 μοι-

387 918 577 989 χεύσῃ,
609 918 670 971 οὐ
700 918 862 987 μόνον
888 920 1371 989 καθαιρεθήσεται,
1407 918 1543 973 ἀλλὰ
1576 918 1792 987 καὶτῆς
1825 919 1964 987 μετὰ

384 1010 494 1060 τῶν
520 1009 730 1060 πιστῶν
786 1012 1072 1073 κοινωνίας
1115 1011 1540 1080 ἐκϐληθήσεται,
1575 1011 1668 1063 καὶ
1719 1012 1967 1076 ἀναγκα-

388 1101 652 1167 σθήσεται
681 1104 805 1163 τοὺς
833 1102 1108 1171 τέσσαρας
1137 1102 1337 1165 τόπους
1375 1101 1475 1171 τῆς
1510 1100 1797 1171 μετανοίας
1828 1100 1968 1153 διελ-

390 1192 525 1256 θεῖν,
552 1194 644 1245 καὶ
679 1191 822 1245 οὕτω
862 1196 1154 1261 μετασχεῖν
1210 1193 1320 1245 τῶν
1368 1192 1532 1246 θείων
1582 1193 1966 1263 ἀγιασμάτων.

386 1285 465 1336 Τὰ
498 1284 629 1353 περὶ
663 1284 868 1337 τούτων
917 1284 973 1337 δὲ
1009 1284 1360 1355 ἀνῃρέθησαν
1390 1285 1496 1337 ἀπὸ
1517 1284 1611 1338 τοῦ
1640 1283 1721 1349 κζ’
1746 1287 1968 1348 κανόνος

383 1376 482 1444 τῆς
505 1377 562 1427 ὲν
600 1376 923 1446 Καρθαγένῃ
957 1378 1198 1442 συνόδου,
1226 1377 1318 1428 καὶ
1343 1377 1451 1430 ἀπὸ
1496 1378 1590 1430 τοῦ
1628 1377 1706 1446 λβ¹
1743 1379 1968 1441 κανόνος

386 1467 480 1520 τοῦ
516 1468 753 1537 μεγάλου
799 1468 1113 1533 Βασιλείου,
1143 1450 1421 1535 λέγοντος*
1456 1469 1517 1520 Οἱ
1548 1469 1647 1537 τὴν
1698 1470 1841 1538 πρὸς
1871 1470 1968 1523 θά-

386 1575 545 1612 νατον
587 1559 862 1628 ἁμαρτίαν
892 1559 1307 1629 ἁμαρτάνοντες
1331 1559 1587 1630 κληρικοὶ
1619 1559 1714 1611 τοῦ
1753 1558 1967 1629 βαθμοῦ

388 1654 758 1720 κατάγονταιι
816 1652 911 1720 τῆς
982 1651 1268 1713 κοινωνίας
1326 1650 1381 1703 δὲ
1443 1651 1552 1704 τῶν
1619 1650 1824 1706 λαῖκῶν
1871 1652 1969 1704 οὐκ

385 1744 746 1814 ὲξείργονται.
785 1744 859 1795 Ού
887 1744 997 1812 γὰρ
1029 1742 1341 1811 ἐκδικήσεις
1368 1742 1449 1805 δὶς
1474 1743 1568 1795 ἐπὶ
1596 1742 1656 1794 τὸ
1683 1742 1835 1797 αὑτό.

2064 551 2359 608 clesiastici
2404 550 2638 614 ordinis,
2689 549 2734 605 si
2802 547 3047 618 legitimo
3118 545 3471 601 matrimonio
3519 554 3641 614 post

2066 644 2467 698 ordinationem
2491 642 2915 713 coniungantur,
2944 639 3140 709 deponi
3177 638 3351 708 jubet.
3386 636 3641 695 Praesens

2065 751 2283 807 quoque
2299 750 2475 790 canon
2490 735 2538 789 ei
2556 732 2807 789 similiter
2822 732 3085 787 decernit.
3110 730 3408 801 Subjungit
3426 742 3605 786 autem
3625 748 3641 784 :

2068 822 2228 894 Quod
2258 828 2303 883 si
2335 827 2459 898 quis
2490 842 2552 882 ex
2589 825 2670 881 eis
2710 824 3019 879 fornicatus
3064 822 3246 888 fuerit,
3296 824 3380 878 vel
3432 823 3645 880 adulte-

2067 917 2208 973 rium
2242 916 2600 980 commiserit,
2635 929 2745 969 non
2769 913 2946 969 solum
2978 914 3305 982 deponatur,
3350 913 3446 970 sed
3480 915 3643 969 etiam

2068 1027 2098 1067 a
2138 1012 2376 1067 ﬁdelium
2414 1010 2801 1066 communione
2828 1009 3099 1077 ejicietur,
3146 1019 3200 1064 et
3243 1018 3480 1079 quatuor
3524 1024 3646 1078 pce-

2067 1106 2310 1161 nitentiae
2340 1105 2456 1159 loca
2488 1103 2786 1174 pervadere
2828 1110 3071 1172 cogetur;
3120 1110 3175 1156 et
3221 1102 3302 1156 sic
3348 1116 3473 1157 esse
3502 1100 3646 1155 divi-

2069 1214 2265 1253 norum
2304 1204 2775 1252 sacramentorum
2818 1194 3115 1263 particeps.
3152 1194 3287 1258 Quae
3322 1201 3503 1247 autem
3541 1191 3648 1245 hoc

2068 1304 2280 1343 canone
2338 1288 2733 1349 continentur,
2786 1286 3000 1339 sublata
3026 1293 3157 1338 sunt
3216 1299 3245 1337 a
3308 1296 3522 1339 canone
3575 1284 3643 1336 Ἥ

2069 1378 2523 1449 Carthaginensis
2583 1377 2778 1448 synodi
2862 1386 2918 1430 ct
2979 1391 3007 1428 a
3068 1391 3279 1432 canone
3337 1377 3645 1447 δελπηιᾳυὶ

2072 1470 2278 1534 Basilii,
2312 1470 2544 1524 dicentis
2578 1486 2591 1522 :
2622 1468 2844 1531 Clerici,
2886 1466 2978 1536 qui
3035 1476 3320 1536 peccatum
3372 1467 3517 1537 quod
3564 1478 3650 1522 est

2070 1568 2136 1619 ad
2173 1573 2403 1618 mortem
2457 1571 2703 1636 peccant,
2755 1580 2785 1620 e
2841 1565 3012 1636 gradu
3066 1563 3438 1631 dejiciuntur:
3473 1562 3567 1619 sed
3617 1579 3647 1617 a

2071 1655 2335 1709 laicorum
2386 1655 2777 1709 communione
2827 1668 2933 1709 non
2989 1662 3267 1710 arcentur.
3326 1654 3445 1708 Non
3499 1654 3646 1708 enim

2070 1746 2377 1801 vindicabis
2406 1747 2487 1801 bis
2521 1747 2575 1800 in
2611 1746 2871 1816 idipsum.

462 1838 709 1890 ΖΩΝΑΡ.
757 1837 886 1891 Ἐὰν
932 1835 1114 1904 γάμον
1157 1836 1389 1904 νομιμόν
1432 1833 1573 1905 τάχα
1600 1834 1780 1905 ἑαυτῷ
1829 1851 1962 1907 πρε-

2142 1837 2394 1894 ZONAR.
2428 1838 2485 1892 Si
2522 1815 2802 1894 mulierem
2839 1839 2980 1894 forte
3018 1840 3274 1909 legitimis
3303 1842 3508 1910 nuptiis
3541 1840 3645 1896 sibi

391 1931 651 2001 σϐύτερος
678 1929 1011 2001 συναλλὰξῃ,
1041 1927 1394 1996 μετατίθεται
1417 1930 1514 1996 τῆς
1540 1927 1749 1992 τάξεως
1776 1927 1963 1991 αὐτοῦ,

387 2022 511 2075 ἀντὶ
557 2020 677 2081 τοῦ,
724 2019 1046 2072 ἐκϐάλλεται
1081 2018 1182 2086 τῆς
1235 2017 1575 2089 ἱερωσύνης·
1619 2018 1968 2087 καθαιρεῖται

388 2114 520 2182 γάρ.
561 2111 685 2163 Ἐὰν
718 2111 776 2164 δὲ
811 2109 1143 2179 πορνεύσῃή
1177 2109 1464 2180 μοιχεύσῃ,
1494 2110 1717 2173 τελείως
1749 2111 1968 2176 ἐξωθεῖ-

387 2221 478 2257 ται
501 2205 598 2271 τῆς
631 2202 982 2272 Ἐκκλησίας,
1032 2202 1127 2254 καὶ
1174 2203 1253 2265 είς
1311 2202 1721 2272 μετανοούντων
1768 2203 1965 2271 ἄγεται

387 2298 573 2359 τόπον,
621 2294 761 2345 ὥστε
809 2292 1183 2361 προσκλαίειν,
1232 2293 1328 2345 καὶ
1376 2292 1705 2363 ἀκροᾶσθαι,
1749 2293 1844 2346 καὶ
1900 2294 1971 2347 τὰ

390 2387 555 2441 λοιπὰ
590 2386 962 2454 ἀναπληροῦν.
983 2383 1045 2439 Ὀ
1072 2384 1143 2437 δὲ
1171 2386 1343 2454 μέγας
1374 2383 1650 2449 Βασίλειος
1679 2386 1735 2440 ἐν
1759 2382 1837 2456 λβ¹
1871 2403 1971 2439 κα-

389 2481 505 2533 νόνι
558 2479 731 2532 ταῦτα
795 2478 944 2545 λέγει
1006 2477 1223 2547 ρητῶςο
1283 2478 1359 2529 Οίη
1400 2478 1497 2548 τὴν
1552 2479 1689 2548 πρὸς
1738 2473 1970 2533 θάνατον

388 2572 667 2643 ἁμαρτίαν
700 2571 1109 2641 ἁμαρτάνοντες
1139 2569 1395 2639 κληρικοὶ
1421 2570 1515 2623 τοῦ
1557 2570 1767 2640 βαθμοῦ
1800 2571 1970 2625 κατὰο

388 2683 579 2735 γονται
607 2681 619 2695 ·
642 2664 751 2734 τῆς
786 2663 1072 2724 κοινωνίας
1094 2662 1152 2715 δὲ
1182 2661 1291 2714 τῶν
1327 2660 1533 2715 λαῖκῶν
1560 2663 1662 2716 ούκ
1696 2663 1970 2734 ἐξείργον-

389 2775 501 2812 ται.
535 2759 608 2813 Oi)
640 2758 749 2828 γὰρ
779 2757 1086 2825 ἐκδικήσεις
1109 2755 1190 2817 δὶς
1224 2755 1319 2807 ἐπὶ
1348 2754 1409 2807 τὸ
1438 2754 1591 2809 αὑτό.
1619 2755 1697 2809 Τὰ
1746 2755 1886 2809 αύτὰ
1913 2753 1970 2808 δὲ

390 2852 470 2919 τῷ
504 2851 729 2921 μεγάλῳ
774 2848 1044 2917 Βασιλείῳ
1088 2848 1179 2900 καὶ
1219 2849 1253 2917 ή
1301 2850 1359 2899 ὲν
1390 2848 1721 2920 Καρθαγένῃ
1754 2848 1971 2913 σύνοδος

390 2942 735 2995 διατάττεται
770 2945 825 2994 ὲν
877 2944 960 3005 κζ’
998 2941 1186 2993 κανόνι
1227 2940 1419 3007 αὐτῆς.
1458 2940 1732 3009 Ζητητέον
1764 2936 1857 2993 οὗν
1900 2943 1971 2993 τὰ

393 3037 512 3087 ἐκεῖ
532 3033 820 3102 εἰρημένα.
854 3030 1026 3100 Οἶμαι
1056 3030 1113 3081 δὲ
1144 3029 1236 3080 τὸν
1267 3028 1363 3080 τοῦ
1400 3030 1643 3098 μεγάλου
1678 3030 1966 3084 Βασιλείου

2071 1930 2357 2001 presbyter
2383 1930 2676 2000 copularit,
2709 1932 2915 1986 moveri
2946 1932 3158 1995 ordine,
3190 1932 3292 1987 hoc
3326 1942 3431 1997 eet,
3465 1947 3649 1986 sacer-

2070 2022 2204 2077 dotii
2267 2022 2531 2092 dignitate
2587 2023 2788 2093 privari
2862 2024 3211 2094 (depositioni
3297 2024 3346 2079 is
3413 2038 3648 2092 namque

2070 2113 2337 2166 obnoxius
2359 2112 2473 2183 est)
2509 2128 2524 2168 :
2553 2115 2637 2168 sin
2667 2123 2847 2169 autem
2883 2123 3076 2186 stupro
3130 2130 3187 2171 se
3237 2124 3332 2170 aut
3380 2115 3647 2171 adulterio

2072 2203 2346 2274 polluerit,
2381 2205 2449 2258 ab
2497 2204 2728 2260 ecclesia
2767 2220 2993 2276 prorsus
3022 2206 3238 2276 expelli,
3275 2220 3339 2261 ac
3365 2206 3417 2261 in
3466 2207 3648 2276 poeni-

2072 2296 2302 2350 tentium
2337 2296 2630 2352 stationem
2668 2297 2921 2369 relegari,
2955 2297 3138 2368 ibique
3170 2298 3378 2370 lugere,
3433 2299 3645 2362 audire,

2072 2388 2287 2457 aliaque
2333 2398 2619 2457 poenarum
2679 2388 3015 2458 persolvere,
3083 2388 3170 2444 hic
3225 2404 3406 2445 canon
3463 2389 3644 2460 jubet.

2074 2479 2294 2551 Magnus
2326 2488 2506 2535 autem
2534 2478 2766 2535 Basilius
2819 2480 3096 2537 tricesimo
3149 2484 3386 2538 secundo
3439 2496 3650 2537 canone

2073 2570 2295 2625 totidem
2328 2571 2512 2627 verbis
2547 2586 2608 2627 ea
2642 2588 2763 2641 qua:
2790 2580 3097 2642 sequuntur
3123 2575 3443 2642 pronuntiat
3491 2593 3506 2631 :
3543 2572 3647 2638 Qui

2074 2672 2379 2733 peccatum,
2430 2663 2628 2734 inquit,
2680 2664 2746 2718 ad
2786 2676 3018 2719 mortem
3067 2665 3251 2720 clerici
3300 2676 3548 2735 peccant,
3582 2668 3650 2720 de

2073 2755 2242 2826 gradu
2276 2769 2378 2810 suo
2411 2755 2787 2825 dejiciuntur;
2843 2771 2871 2808 a
2925 2756 3189 2811 laicorum
3232 2771 3360 2812 vero
3404 2772 3650 2811 commu-

2073 2844 2237 2899 nione
2266 2859 2611 2916 nequaquam
2639 2858 2923 2901 arcentur.
2977 2845 3096 2901 Non
3150 2848 3294 2902 enim
3347 2848 3651 2903 vindicaliis

2073 2938 2156 2992 bis
2191 2938 2245 2991 in
2271 2938 2527 3007 idipsum.
2559 2937 2759 2994 Eadem
2786 2955 2938 3006 vero,
2982 2955 3106 3009 qua;
3132 2955 3359 3010 magnus
3391 2941 3648 3005 Basilius,

2072 3028 2519 3100 Carthaginensis
2549 3045 2772 3100 quoque
2808 3030 3054 3101 synodus
3100 3032 3359 3086 vicesimo
3412 3035 3648 3101 septimo

394 3128 487 3180 καὶ
512 3124 606 3176 τὸν
632 3124 727 3192 τῆς
757 3124 812 3174 ὲν
837 3122 1167 3194 Καρθαγένῃ
1202 3122 1422 3173 συνόδου
1473 3123 1968 3195 ἐπικρατεστέρους

2072 3136 2278 3177 canone
2311 3126 2528 3190 statuit;
2576 3140 2698 3193 qum
2748 3126 2818 3179 ibi
2843 3125 3080 3180 diximus
3115 3127 3428 3196 quaerenda.
3468 3126 3645 3198 Magni

395 3212 560 3277 εἷναι,
584 3214 664 3276 ὡς
701 3214 1219 3284 μεταγενεστέρους,
1247 3214 1341 3266 καὶ
1391 3214 1468 3274 ὡς
1515 3213 1594 3284 τῷ
1626 3216 1970 3287 ἁποστολικῷ

394 3305 832 3376 συμφωνοῦντας
862 3305 1075 3369 κανόνι,
1105 3304 1165 3368 ὃς
1191 3306 1316 3368 τοὺς
1349 3305 1444 3359 ἐπὶ
1477 3306 1709 3376 πορνείᾳ
1741 3307 1971 3370 ἁλόντας

393 3399 730 3469 ίερωμένους
808 3396 1217 3468 καθαιρεῖσθαι,
1294 3398 1386 3450 καὶ
1469 3396 1545 3469 μὴ
1615 3399 1971 3468 ἀφορίζεσθαι

396 3489 567 3557 λέγει.

397 3773 620 3828 ΔΡΙΣΤ.
695 3791 713 3825 ι
766 3774 957 3844 Γήμας
1009 3772 1379 3843 πρεσϐύτερος
1452 3775 1827 3845 μετατιθὰθω
1874 3777 1975 3849 τῆς

476 3888 496 3922 ι
536 3868 741 3932 τάξεως
764 3882 779 3895 ’
814 3865 1121 3931 ἐξωθείσθω
1150 3866 1209 3920 δὲ
1234 3865 1610 3937 μοιχεύσας,ῆ
1646 3868 1971 3939 πορνεύσας,

473 3981 493 4015 ι
540 3964 634 4016 καὶ
665 3959 884 4030 ἀγέσθω
918 3961 1000 4021 είς
1036 3959 1349 4029 μετάνοιαν.
1392 3978 1412 4011 ι

485 4145 546 4197 '0
574 4144 811 4212 γυναῖκα
837 4142 1017 4195 λαϐὼν
1050 4141 1424 4212 πρεσϐύτερος
1457 4142 1553 4210 τῆς
1588 4143 1687 4211 μὲν
1739 4143 1973 4213 ἱερωσύ-

399 4256 498 4307 νης
552 4238 950 4307 μετακινεῖται,
981 4235 1080 4305 τῆς
1130 4235 1186 4288 δὲ
1220 4236 1385 4305 τιμῆς
1431 4238 1524 4288 καὶ
1573 4236 1671 4304 τῆς
1706 4235 1974 4303 καθέδρας

402 4332 643 4401 μετέχει.
707 4329 765 4382 '0
820 4329 876 4381 δὲ
923 4329 1253 4398 πορνεύσας,
1308 4328 1341 4398 ἢ
1400 4326 1719 4398 μοιχεύσας,
1768 4327 1975 4381 τέλειον

396 4409 703 4489 ὲξώθεῗται,
732 4422 826 4475 καὶ
853 4424 935 4483 είς
964 4421 1254 4492 μετάνοιαν
1284 4422 1495 4487 ἄγεται.

1001 4514 1246 4567 ΚΑΝΩΝ
1297 4513 1371 4566 B'.

410 4625 431 4658 ι
474 4606 637 4676 Γυνὴ,
693 4606 789 4659 ἐὰν
842 4606 1089 4677 γήμηται
1136 4605 1230 4658 δύο
1304 4604 1575 4673 ἀδελφοῖς,
1665 4603 1974 4670 ἐξωθείσθω

469 4718 487 4749 ι
535 4698 699 4767 μέχρι
729 4696 962 4749 θανάτου
1001 4696 1075 4766 μὴ
1112 4694 1410 4764 πειθομένη
1442 4694 1601 4746 λῦσαι
1631 4694 1724 4747 τὸν
1754 4697 1932 4764 γάμον
1958 4709 1972 4724 ⁸

476 4812 495 4844 ι
540 4794 681 4862 πλὴν
720 4793 790 4845 ,ἐν
840 4791 917 4858 τῷ
971 4791 1186 4873 θανάτῳ
1234 4790 1323 4843 διὰ
1377 4790 1478 4859 τὴν
1539 4789 1971 4859 φιλανθρωπίαν,

477 4901 496 4935 ι
544 4882 777 4935 εἰποῦσα
799 4881 874 4941 ὡς
907 4882 1177 4949 ὑγιάνασα
1202 4880 1357 4932 λύσει
1386 4880 1477 4932 τὸν
1507 4879 1703 4947 γάμον,
1739 4879 1850 4942 ἕξει
1874 4878 1973 4949 τὴν

476 4995 496 5027 ι
542 4975 860 5045 μετάνοιαν.
881 4972 1007 5025 Ἐὰν
1032 4972 1087 5024 δὲ
1112 4972 1417 5042 τελευτήσῃ
1444 4974 1475 5042 ή
1500 4971 1636 5041 γυνὴ
1663 4972 1721 5023 ἐν
1748 4971 1973 5041 τοιούτῳ

478 5088 495 5119 ι
540 5069 703 5137 γάμῳ
734 5066 889 5131 οὖσα,
918 5066 1038 5135 ἦτοι
1071 5067 1097 5118 ὁ
1126 5063 1290 5134 ἀνὴρ,
1319 5063 1587 5134 δυσχερὴς
1619 5061 1695 5131 τῷ
1723 5064 1971 5133 μείναντι

472 5175 489 5207 ι
534 5158 568 5226 ή
608 5156 892 5226 μετάνοια.
940 5172 959 5206 ι

472 5336 669 5389 ΒΑΛΣ.
705 5336 769 5388 ΟΞ
805 5332 906 5404 τῆς
951 5332 1236 5404 παρούσης
1287 5330 1506 5384 συνόδου
1549 5332 1695 5398 ἅγιοι
1724 5330 1971 5400 Πατὲρες

398 5426 687 5489 διώκουσιν
714 5425 820 5477 ἀπὸ
846 5427 942 5493 τῆς
968 5422 1295 5494 Ἐκκλησίας
1334 5421 1496 5492 μέχρι
1526 5420 1779 5483 θανάτου,
1803 5419 1970 5489 ήγουν

400 5517 594 5590 μέχρις
622 5518 687 5570 ἂν
713 5516 789 5585 τῷ
817 5514 918 5585 βίῳ
947 5514 1216 5585 περίεστι,
1247 5513 1343 5584 τὴν
1374 5511 1647 5566 λαϐοῦσαν
1698 5510 1841 5565 κατὰ
1881 5512 1971 5563 νό-

402 5627 502 5682 μον
547 5610 726 5678 γάμου
773 5608 867 5660 δύο
913 5607 1199 5676 ἀδελφοὺς,
1232 5608 1327 5660 καὶ
1381 5605 1458 5676 μὴ
1503 5606 1822 5658 ἀποστᾶσαν
1871 5604 1971 5673 τῆς

396 5698 856 5769 ἁθεμιτογαμίας.
901 5692 988 5761 Ὠς
1018 5698 1075 5750 δέ
1106 5714 1253 5760 τινος
1299 5697 1573 5760 εἰπόντος,
1600 5696 1662 5748 El
1687 5696 1747 5748 δὲ
1770 5712 1973 5748 καταν-

395 5793 551 5862 στήσει
575 5792 652 5856 είς
678 5790 929 5857 θάνατον,
962 5790 1083 5844 οὐδὲ
1111 5788 1233 5842 τότε
1266 5788 1375 5843 τῶν
1408 5789 1571 5842 θείων
1604 5786 1970 5858 ἁγιασμάτων

2000 4517 2054 4577 D

2073 3230 2235 3286 porro
2255 3215 2441 3271 Basilii
2462 3226 2512 3271 et
2532 3217 2984 3287 Cartliaginensis
3003 3218 3196 3290 synodi
3221 3232 3458 3274 canones
3477 3219 3648 3288 magis

2075 3314 2205 3376 puto
2258 3308 2573 3374 servandos,
2612 3308 2813 3379 quippe
2856 3308 2948 3379 qui
3001 3310 3339 3379 posteriores
3404 3309 3646 3374 fuerunt,

2076 3400 2361 3470 magisque
2384 3415 2507 3455 cum
2537 3400 2840 3471 apostolico
2871 3414 3082 3456 canone
3135 3401 3521 3467 consentiunt;
3553 3402 3645 3470 qui

2076 3500 2325 3548 sacratos
2377 3491 2625 3548 homines
2686 3492 3068 3548 fornicationis
3118 3507 3261 3558 reos,
3309 3492 3651 3563 depositione

2080 3588 2313 3649 tantum,
2373 3597 2483 3637 non
2507 3582 2674 3665 etiam
2733 3583 3113 3653 segregatione
3170 3583 3481 3640 multandos
3526 3600 3651 3641 esse

2075 3672 2342 3727 decernit.
2634 3674 2637 3679 λ

2075 3763 2300 3820 ARIST.
2364 3783 2385 3817 ι
2434 3766 2721 3836 Presbyter
2768 3764 2861 3835 qui
2907 3780 3132 3820 uxorem
3177 3764 3415 3833 duxerit,
3460 3766 3651 3823 ordine

2155 3874 2174 3908 ι
2212 3857 2552 3925 deponatur;
2605 3857 2649 3912 si
2689 3872 2819 3912 vero
2880 3858 3183 3914 moechatus
3242 3867 3336 3913 aut
3373 3868 3648 3915 scortatus

2153 3966 2173 4001 ι
2217 3949 2398 4013 fuerit,
2449 3950 2771 4022 expellatur,
2828 3958 2884 4005 et
2947 3950 3013 4005 ad
3065 3952 3443 4021 paenitentiam
3502 3955 3651 4008 redi-

2152 4059 2172 4092 ι
2216 4050 2391 4112 gatur.
2436 4060 2454 4093 ι

2146 4131 2438 4202 Presbyter
2478 4148 2703 4189 uxorein
2755 4135 2962 4192 ducens
3014 4136 3324 4192 sacerdotio
3380 4147 3647 4204 movetur,

2077 4225 2183 4278 sed
2215 4224 2478 4279 honorem
2510 4233 2564 4279 et
2596 4226 2909 4280 cathedram
2948 4230 3165 4283 retinet.
3199 4227 3301 4294 Qui
3348 4229 3652 4287 fornicatus

2076 4323 2257 4368 autem
2292 4315 2415 4376 fuit,
2453 4324 2548 4369 aut
2578 4317 2912 4371 adulterium
2941 4320 3237 4384 commisit,
3268 4321 3512 4391 perfecte
3552 4338 3651 4378 ex-

2078 4407 2316 4477 pellitur,
2350 4419 2402 4464 et
2426 4410 2507 4464 ad'
2526 4410 2905 4479 pmnitentiam
2936 4413 3220 4482 redigitur.

2694 4501 2922 4558 CANON
2961 4503 3021 4560 ll.

2085 4608 2105 4642 ι
2152 4588 2397 4660 Femina,
2429 4592 2473 4648 si
2513 4595 2730 4651 duobus
2763 4595 3025 4651 fratribus
3073 4599 3343 4668 nupserit,
3393 4601 3652 4654 extruda-

2157 4702 2177 4734 ι
2221 4691 2312 4737 tur
2336 4700 2510 4754 usque
2542 4687 2608 4739 ad
2644 4697 2894 4755 mortem,
2926 4687 2972 4741 si
2999 4690 3406 4744 matrimonium
3439 4692 3652 4748 solvere

2160 4792 2179 4825 ι
2226 4789 2334 4829 non
2369 4777 2765 4847 persuadeatur
2803 4796 2816 4834 :
2852 4786 2906 4831 at
2938 4779 2989 4833 in
3021 4787 3216 4846 morte,
3272 4790 3494 4851 propter
3551 4782 3653 4837 hu-

2158 4885 2176 4918 ι
2227 4870 2567 4933 manitatem,
2633 4871 2680 4925 si
2734 4870 2954 4939 dixerit,
3008 4873 3153 4941 quod
3209 4873 3254 4927 si
3288 4876 3649 4941 convaluerit,

2157 4978 2173 5009 ι
2218 4959 2392 5014 solvet
2444 4961 2849 5015 matrimonium
2879 5002 2893 5025 ,
2972 4962 3196 5019 habebit
3249 4966 3650 5034 pteniteutiam.

2156 5068 2176 5100 ι
2223 5050 2327 5105 Sed
2361 5052 2406 5105 si
2443 5061 2657 5107 mortua
2707 5052 2870 5109 fuerit
2904 5056 3104 5109 mulier
3166 5057 3219 5112 in
3254 5058 3345 5112 tali
3399 5059 3654 5130 conjugio

2156 5159 2172 5192 ι
2215 5143 2507 5204 assistens.
2546 5144 2629 5198 vel
2657 5145 2779 5215 ejus
2805 5147 3053 5211 maritus,
3078 5148 3317 5205 difﬁcilis
3339 5159 3432 5206 est
3457 5166 3654 5221 super-

2155 5252 2173 5283 ‹
2218 5235 2329 5289 stiti
2366 5236 2705 5304 posuitcntia.
2748 5256 2767 5289 ι

2150 5324 2347 5380 BALS.
2384 5328 2675 5384 Prazsentis
2740 5330 2932 5401 synodi
2978 5333 3154 5388 sancti
3206 5331 3397 5389 Patres
3442 5333 3511 5388 ab
3563 5348 3654 5391 ec-

2077 5415 2239 5471 clesia
2272 5417 2339 5471 ad
2388 5426 2616 5473 mortem
2669 5434 2841 5490 usque
2880 5424 3183 5492 expellunt,
3217 5424 3432 5479 scilicet
3480 5426 3655 5480 donec

2077 5509 2128 5564 ei
2181 5510 2289 5564 vita
2344 5523 2612 5582 superest,
2649 5528 2770 5568 eam
2820 5529 2943 5583 quae
3002 5514 3249 5584 legitimo
3302 5516 3656 5571 matrimonio

2078 5601 2217 5656 duos
2247 5601 2442 5658 fratres
2472 5606 2765 5675 acceperit,
2822 5614 2880 5660 et
2928 5620 2958 5660 a
3026 5607 3238 5663 nefario
3298 5607 3656 5665 matrimonio

2078 5708 2189 5748 non
2221 5693 2522 5752 destiterit.
2551 5696 2836 5768 Tanquam
2868 5707 3051 5754 autem
3077 5697 3312 5756 dixisset
3340 5699 3653 5771 quispiam;

2080 5784 2178 5842 Sin
2216 5778 2401 5843 autem
2430 5788 2498 5843 ad
2538 5798 2765 5847 mortem
2802 5791 3133 5861 pervenerit,
3161 5797 3231 5848 ne
3267 5798 3401 5848 tunc
3435 5790 3655 5862 quidem
