4076 6402
425 318 561 384 illi)

1673 303 1950 367 THEOD.
1995 306 2400 369 BALSAMON

3536 314 3683 382 1200

416 430 605 483 diVllN]
635 427 977 480 sacramenta
1022 416 1319 488 percipiet?
1351 415 1515 489 403
1567 404 1984 485 subiunxerunt,

2099 416 2501 488 ἀξιωθήσεταις
2530 419 2847 492 Ἐπήγαγον
2893 422 2989 488 ὡς,
3029 421 3191 494 εῐπερ
3224 425 3283 478 ἐν
3315 423 3393 496 τῷ
3421 425 3688 497 τελευτᾷν

410 516 568 584 Quod
600 516 644 571 si
677 511 896 583 quidem
927 512 1068 563 inter
1093 506 1463 571 moriendum,
1484 505 1752 574 ejusmodi
1795 507 2012 560 mulier.

410 625 492 673 se,
526 615 816 676 postquam
852 599 1221 663 convaluerit,
1268 600 1629 669 separandam
1676 614 1800 655 esse
1848 598 1991 652 adir-

415 711 542 761 met,
601 708 731 751 tunc
791 692 1013 765 quidem
1066 692 1477 746 communionis
1537 706 1662 746 esse
1716 691 1992 761 particeps

415 796 646 847 siuetnr.
681 788 785 842 Sed
816 794 1104 856 postquam
1135 800 1163 838 a
1192 785 1386 837 morbo
1426 784 1656 837 liberata
1693 782 1879 848 fuerit,
1937 790 1991 837 et

415 904 443 940 a
478 884 687 938 nefario
711 881 967 950 conjugio
1018 886 1290 947 separata,
1348 876 1417 929 ad
1466 877 1842 947 ptenitentiam
1895 875 1992 929 ad-

416 977 683 1029 mittetur.
720 974 787 1027 Et
813 974 915 1026 hoc
942 970 1163 1040 quidem
1195 966 1478 1037 procedet,
1525 966 1745 1037 quando
1793 967 1847 1021 in
1878 966 1989 1021 vita

408 1085 595 1124 eorum
637 1066 800 1121 fuerit
834 1063 1155 1118 divortium.
1193 1061 1248 1114 Si
1281 1071 1460 1115 autem
1497 1075 1601 1113 una
1627 1076 1690 1114 ex
1736 1059 1987 1130 personis

408 1161 462 1212 in
497 1157 708 1212 nefario
738 1153 1092 1208 matrimonio
1132 1151 1461 1215 decesserit,
1517 1151 1565 1205 ei
1616 1150 1709 1221 qui
1764 1150 1989 1206 relictus

406 1260 511 1317 est,
545 1259 630 1304 est
662 1247 956 1301 admodum
1013 1244 1250 1299 diﬂicilis
1303 1242 1646 1313 poenitentia.
1680 1242 1784 1309 Qui
1839 1242 1985 1297 enim

408 1340 522 1407 agit
556 1337 933 1407 paenitentiam
965 1350 994 1387 a
1020 1342 1244 1403 peccato
1276 1332 1577 1398 desistens,
1633 1332 1681 1388 is
1736 1332 1987 1387 creditur

408 1430 730 1501 paenitentia
766 1427 919 1482 duci.
953 1425 1051 1492 Qui
1078 1434 1265 1501 autem
1318 1424 1385 1477 ad
1435 1432 1663 1477 mortem
1711 1438 1886 1493 usque
1919 1422 1987 1477 ab

408 1537 475 1575 eo
509 1536 618 1573 non
664 1517 900 1582 desistit,
955 1513 1196 1569 ostendit
1248 1513 1389 1581 quod
1427 1514 1591 1566 etiam
1645 1511 1688 1568 si
1724 1512 1813 1566 illa
1860 1526 1987 1582 pars

408 1612 589 1665 adhuc
616 1615 931 1677 superesset
962 1621 1082 1675 quae
1128 1612 1213 1658 est
1269 1611 1508 1662 mortua,
1542 1616 1570 1653 a
1602 1610 1826 1671 peccato
1875 1615 1982 1653 non

409 1703 727 1758 destitisset.
754 1701 893 1765 Quia
920 1712 1051 1766 ergo
1080 1698 1173 1766 qui
1220 1696 1371 1761 vivit,
1425 1696 1642 1749 videtur
1692 1694 1873 1747 adhuc
1927 1692 1983 1746 in

2096 507 2129 575 ἡ
2179 508 2404 579 τοιαύτη
2478 509 2618 579 γυνὴ
2691 511 2997 582 κατάθηται
3072 514 3459 584 διαζευχθῆναι
3541 516 3688 587 μετά

2094 598 2307 665 ὑγείαν,
2361 599 2483 652 τότε
2534 602 2632 669 μὲν
2701 603 3030 671 μεταλαϐεῖν
3091 606 3682 678 παραχωρηθήσεταιο

2096 690 2238 759 μετὰ
2263 691 2319 743 δὲ
2347 692 2409 744 τὸ
2448 693 2843 764 ἀπαλλαγῆναι
2870 695 2971 766 τῆς
3003 697 3184 760 νόσου,
3216 699 3313 750 καὶ
3366 698 3683 767 ἀποστῆναι

2090 783 2191 851 τῆς
2240 783 2705 854 άθεμιτογαμίας,
2734 787 3205 859 προσδεχθήσεται
3237 792 3320 854 είς
3354 791 3678 860 μετάνοιαν.

2091 875 2201 927 Καὶ
2230 875 2388 928 τοῦτο
2426 879 2525 945 μὲν
2560 880 2851 948 γενήσεται
2886 881 3018 933 ὅταν
3054 881 3235 953 προϐῇ
3262 884 3320 935 ὲν
3346 882 3460 953 ζωῇ
3488 884 3677 937 αὐτῶν

2091 964 2384 1037 διαζύγιον.
2415 969 2541 1023 Ἐὰν
2571 970 2627 1024 δὲ
2659 970 2720 1023 τὸ
2763 971 2820 1024 ἓν
2864 973 2974 1026 τῶν
3020 973 3328 1044 προσώπων
3367 967 3523 1047 ἐν’τῷ
3544 978 3686 1031 ἀθε-

2096 1057 2237 1127 μίτῳ
2296 1060 2459 1128 γάμῳ
2523 1060 2846 1132 τελευτήσῃ,
2886 1062 3155 1135 δυσχερὴς
3210 1065 3243 1134 ἡ
3298 1066 3559 1134 μετάνοια
3604 1067 3687 1137 τῷ

2089 1148 2516 1220 περιλειφθέντι.
2590 1150 2647 1204 '0
2679 1153 2787 1223 γὰρ
2835 1154 3141 1223 μετανοῶν,
3176 1157 3547 1226 ἀφιστάμενος
3578 1160 3685 1229 τῆς

2090 1237 2383 1309 ἁμαρτίας,
2424 1241 2743 1295 πιστεύεται
2772 1248 3051 1312 μετανοεῖν
3072 1260 3088 1277 ο
3118 1249 3146 1299 ό
3171 1246 3227 1299 δὲ
3252 1248 3416 1318 μέχρι
3447 1248 3683 1305 θανάτου

2092 1330 2167 1400 μὴ
2192 1330 2437 1393 ἀποστὰς
2462 1332 2635 1402 αὐτῆς
2666 1331 2936 1389 δείκνυσιν
2970 1337 3073 1403 ὅτι,
3102 1338 3154 1390 εί
3182 1340 3276 1390 καὶ
3303 1338 3384 1390 ἔτι
3408 1340 3605 1410 περιῆν
3620 1342 3686 1395 τὸ

2085 1422 2416 1493 τελευτῆσαν
2449 1425 2636 1495 μέρος,
2668 1425 2766 1478 οὐκ
2794 1427 2859 1481 ἂν
2892 1427 3104 1497 ἀπέστη
3120 1431 3221 1497 τῆς
3256 1429 3685 1499 (Ξιμαρτίοις.“’οτι

2086 1509 2183 1567 οὖν
2220 1515 2248 1566 ό
2282 1514 2390 1580 ζῶν
2418 1516 2777 1586 ἀναφαίνεται
2827 1518 2952 1571 ὅσον
2982 1519 3043 1572 τὸ
3092 1519 3180 1573 ἐπ’
3207 1521 3400 1592 ἐκείνῳ
3427 1521 3686 1592 τῷκακῷ

2087 1605 2385 1675 ἐπιμένων,
2409 1608 2731 1679 δυσχέρειαν
2766 1609 2878 1676 ἔξει
2925 1612 3061 1681 πρὸς
3106 1613 3421 1680 μετάνοιαν.
3455 1614 3681 1667 Τούτων

2088 1694 2261 1759 οὕτως
2301 1697 2538 1766 ἑχόντων
2591 1699 2668 1770 μὴ
2718 1699 2880 1770 εἴπῃς
2916 1699 3295 1753 ἐναντιοῦσθαι
3326 1701 3404 1771 τῷ
3447 1702 3685 1772 παρόντι

408 1811 473 1851 co
503 1796 644 1848 malo
670 1801 935 1862 quantum
966 1790 1020 1843 iu
1062 1805 1120 1845 se
1147 1797 1231 1843 est
1293 1803 1664 1858 perseverare,
1719 1785 1984 1841 ditiicilem

2093 1788 2282 1841 κανόνι
2335 1790 2426 1842 τὸν
2469 1789 2559 1843 τοῦ
2617 1791 2858 1860 μεγάλου
2893 1792 3183 1845 Βασιλεέου
3235 1800 3313 1862 οη⁰
3358 1796 3561 1848 κανόνα
3591 1796 3685 1846 λέ-

409 1888 635 1943 habebit
666 1884 1069 1956 pmnitentiam.
1098 1882 1229 1948 Quae
1258 1897 1381 1935 cum
1413 1882 1483 1934 ita
1516 1895 1575 1934 se
1630 1879 1887 1942 habeant,
1921 1892 1989 1932 ne

407 1979 608 2034 dixeris
664 1977 920 2047 praesenti
977 1976 1175 2028 canoni
1224 1972 1507 2027 adversari
1559 1970 1740 2039 magni
1801 1967 1987 2021 Basilii

406 2086 676 2129 canonem
699 2068 768 2123 78
793 2066 1095 2130 dicentem,
1133 2082 1257 2120 eum
1294 2068 1387 2135 qui
1416 2064 1555 2119 duas
1590 2077 1788 2117 uxores
1833 2060 1987 2114 duxit

405 2168 458 2219 in
518 2160 886 2224 matrimonio,
936 2170 1060 2227 post
1120 2160 1467 2229 septennium
1515 2157 1739 2224 dignum
1798 2153 1985 2207 haberi

405 2257 497 2325 qui
555 2254 739 2309 divina
801 2262 1149 2309 sacramenta
1206 2250 1493 2320 percipiat.
1533 2248 1785 2300 Praesens
1839 2247 1985 2299 enim

404 2365 579 2403 canon
615 2347 857 2403 decernit
912 2346 980 2401 de
1031 2344 1259 2399 muliere
1285 2358 1406 2411 quae
1460 2339 1734 2395 nefarium
1793 2338 1988 2393 matri-

404 2442 648 2496 monium
677 2440 972 2503 contraxit,
1025 2445 1079 2490 et
1129 2437 1199 2490 ab
1231 2449 1297 2488 eo
1330 2441 1440 2486 tota
1480 2433 1586 2484 vita
1634 2446 1741 2484 non
1774 2440 1857 2484 cst
1891 2444 1983 2483 se-

402 2537 612 2604 iuncta,
639 2542 692 2587 et
730 2540 1022 2602 propterea
1056 2544 1164 2583 non
1208 2536 1293 2581 eSt
1343 2526 1411 2579 ad
1468 2525 1847 2595 pmnitentiam
1892 2524 1984 2576 ad-

407 2625 690 2681 mittenda.
756 2625 943 2676 Dictus
1003 2628 1185 2673 autem
1246 2632 1420 2670 canon
1491 2616 1642 2684 ponit
1697 2629 1843 2678 eum,
1894 2614 1983 2683 qui

404 2723 678 2777 nefarium
708 2717 1120 2775 matrimonium
1152 2714 1449 2777 contraxit,
1480 2728 1509 2765 a
1560 2721 1788 2782 peccato
1819 2711 1989 2765 desti-

402 2817 556 2879 tisse,
586 2822 640 2869 et
665 2828 789 2868 eum
842 2819 1126 2880 propterea
1160 2809 1226 2861 ad
1288 2806 1669 2878 ptenitcntiam
1726 2803 1983 2860 admittit.

401 2907 544 2976 Lege
577 2906 741 2960 etiam
773 2917 1038 2956 t-anonem
1093 2899 1162 2954 59
1201 2900 1380 2956 sancti
1443 2898 1654 2963 Basilii,
1719 2899 1813 2969 qui
1865 2912 1985 2952 eam

400 3007 560 3052 vocat
606 2996 929 3057 adulteram,
963 3006 1084 3061 qua:
1116 3006 1239 3045 cum
1288 2990 1535 3044 adultero
1582 2988 1767 3043 adhuc
1818 2989 1984 3043 coha-

2090 1897 2257 1950 γοντα
2293 1881 2383 1933 τὸν
2420 1882 2514 1934 δύο
2558 1883 2795 1952 ἀδελφάς
2829 1885 2908 1947 εἰς
2958 1887 3298 1939 συνοικέσιον
3326 1887 3681 1957 ἀγαγόμενον

2093 1974 2232 2044 μετὰ
2262 1975 2555 2029 ἑπταετίαν
2602 1976 2889 2042 ἀξιοῦσθαι
2933 1978 3042 2031 τῶν
3096 1979 3257 2032 θείων
3292 1981 3681 2051 ἁγιασμάτων.

2101 2064 2161 2118 '0
2196 2067 2293 2134 μὲν
2349 2066 2456 2137 γάρ
2490 2068 2680 2138 παρὼν
2711 2071 2891 2122 κανὼν
2927 2071 3218 2141 νομοθετεῖ
3246 2078 3381 2143 περὶ
3412 2075 3683 2142 γυναικὸς

2088 2160 2349 2231 ἀθέμιτον
2395 2164 2571 2232 γάμον
2628 2168 2963 2236 ποιησάσης,
3002 2168 3098 2221 καὶ
3151 2168 3227 2239 μὴ
3261 2168 3683 2241 διαζευχθείσης

2090 2254 2147 2318 ἐξ
2173 2254 2338 2306 αὑτοῦ
2393 2254 2459 2307 δι’
2505 2256 2634 2325 ὅλης
2662 2258 2761 2327 τῆς
2819 2258 2968 2328 ζωῆς
3016 2259 3211 2328 αὐτῆς,
3256 2262 3354 2314 καὶ
3396 2261 3484 2315 διὰ
3516 2261 3684 2317 τοῦτο

2088 2343 2256 2415 οὔσης
2302 2345 2686 2417 ἀπαραδέκτου
2737 2350 2816 2409 εἰς
2853 2349 3147 2417 μετάνοιαν
3169 2369 3185 2384 ο
3226 2350 3254 2401 ὁ
3283 2353 3341 2406 δι
3372 2354 3563 2424 ῥηθεὶς
3588 2354 3685 2408 θε-

2093 2436 2310 2505 ματίζει
2333 2437 2422 2490 τὸν
2446 2437 3010 2511 άθεμιτογαμήσαντα
3037 2441 3344 2511 ἀποστῆναι
3366 2444 3466 2515 τῆς
3488 2446 3683 2516 ἀμαρ-

2089 2532 2230 2599 τίας,
2275 2534 2370 2586 καὶ
2430 2534 2518 2586 διά
2572 2534 2733 2588 τοῦτο
2780 2537 3140 2608 προσδέχεται
3188 2540 3355 2593 αὑτὸν
3386 2542 3467 2603 εἰς
3503 2544 3684 2611 μετά-

2089 2641 2259 2677 νοιαν.
2298 2624 2601 2693 ’Λνάγνωθι
2634 2628 2730 2680 καὶ
2766 2630 2856 2681 τὸν
2892 2629 2974 2682 λθ’
3002 2632 3203 2683 κανόνα
3236 2630 3333 2684 τοῦ
3363 2632 3523 2700 ἁγίου
3573 2633 3685 2688 Βα-

2090 2713 2313 2778 σιλείου,
2339 2715 2677 2784 ὀνομάζοντα
2734 2719 3025 2787 μοιχαλίδα
3092 2720 3192 2792 τὴν
3226 2720 3307 2776 ἔτι
3356 2723 3436 2794 τῷ
3498 2725 3683 2796 μοιχῷ

2089 2805 2371 2869 συζῶσανο
2406 2805 2546 2859 ὥστε
2579 2808 2886 2879 σημείωσαι
2917 2811 2997 2864 ὅτι
3041 2812 3120 2881 τῷ
3156 2814 3531 2884 ἁμαρτάνοντι
3578 2820 3683 2870 καὶ

2087 2899 2443 2969 ἀφισταμένῳ
2486 2900 2581 2952 τοῦ
2635 2901 2809 2955 κακοῦ
2852 2903 3106 2972 ἐπιτίμια
3149 2905 3406 2974 δίδονται,
3459 2908 3519 2960 οὐ
3567 2908 3682 2978 μὴν

2087 2989 2164 3059 τῷ
2194 2992 2508 3061 ὲπιμένοντι
2534 3011 2547 3023 ·
2581 2986 2736 3055 οὗτος
2769 2996 2879 3063 γάρ
2924 2998 3101 3068 πάντη
3156 2998 3467 3067 άπόὸλητός
3498 3000 3677 3055 ἐστιν.

401 3094 559 3148 hitat.
587 3089 725 3143 Nota
759 3103 912 3158 ergo,
946 3085 1091 3156 quod
1125 3086 1174 3139 ei
1209 3085 1301 3155 qtti
1354 3093 1564 3154 peccat,
1618 3092 1672 3139 et
1724 3099 1753 3137 a
1807 3084 1983 3153 pceni-

2100 3081 2398 3153 Ἐρωτήσει
2428 3083 2485 3136 δέ
2509 3102 2614 3150 τις,
2646 3087 2707 3138 Et
2736 3086 2793 3139 δὲ
2844 3086 2905 3139 οὐ
2936 3087 3159 3158 θελήσει
3193 3090 3225 3158 ὴ
3258 3089 3489 3161 ρηθεῖσα
3524 3092 3673 3162 γυνὴ

402 3187 570 3237 tentia
594 3180 832 3241 desistit,
864 3177 1067 3231 dantur
1118 3189 1314 3246 ptenac,
1370 3191 1479 3229 non
1536 3184 1719 3229 autem
1775 3174 1823 3227 ei
1887 3175 1981 3243 qui

401 3284 716 3345 perseverat
748 3290 762 3326 ;
798 3273 916 3341 ipse
948 3267 1095 3324 enim
1130 3279 1220 3324 est
1265 3267 1495 3321 omnino
1530 3265 1861 3335 ejiciendus.
1899 3264 1986 3319 lu-

404 3367 701 3435 terrogavit
753 3373 933 3417 autem
979 3361 1255 3432 quispiam
1292 3359 1391 3416 :Si
1438 3367 1625 3413 autem
1661 3359 1798 3412 nolit
1839 3358 1984 3412 dicta

405 3463 601 3517 mulier
635 3457 923 3521 amrmare,
953 3470 1033 3519 se,
1072 3464 1365 3524 postquam
1403 3451 1771 3514 convaluerit,
1824 3465 1855 3505 a
1885 3466 1983 3505 ne-

408 3553 547 3609 fario
579 3551 684 3606 isto
718 3548 977 3619 coniugio
1004 3546 1392 3616 separandam,
1420 3559 1488 3598 an
1513 3558 1621 3596 non
1648 3542 1756 3597 erit
1780 3553 1985 3597 sancta:

405 3643 809 3700 communionis
845 3639 1157 3710 particeps?
1192 3636 1424 3692 Salutio.
1468 3634 1716 3689 Prtcsens
1762 3633 1982 3704 quidem

404 3744 578 3792 canon
616 3737 682 3790 de
715 3733 950 3789 eonihil
975 3733 1125 3787 dicit.
1174 3728 1439 3783 Existimo
1471 3736 1655 3781 autem
1713 3727 1814 3780 hoc
1860 3741 1985 3782 esse

407 3829 632 3883 nimium
666 3842 693 3880 a
728 3825 1106 3880 misericordia
1168 3828 1464 3884 remotum,
1507 3818 1551 3871 si
1613 3832 1695 3882 ea,
1752 3832 1875 3871 cum
1911 3820 1985 3870 sit

406 3921 733 3985 orthodoxa,
788 3934 854 3972 nc
911 3916 964 3970 in
1014 3921 1261 3967 extremo
1312 3911 1531 3979 quidem
1582 3910 1803 3979 Spiritu,
1840 3910 1982 3963 bono

401 4013 601 4066 viatico
632 4011 796 4080 digna
822 4009 1156 4064 censebitur.
1194 4004 1375 4071 Quare
1410 4006 1454 4057 si
1486 4018 1588 4057 nec
1617 4004 1722 4057 hoc
1747 4002 1972 4072 quidem

406 4102 781 4166 ailirmavet-it,
833 4098 1003 4153 nihilo
1068 4097 1249 4151 secius
1306 4102 1512 4149 sancta:
1565 4093 1671 4148 erit
1723 4110 1974 4147 commu-

2084 3176 2420 3230 καταθέσθαι
2470 3177 2569 3248 τὴν
2604 3178 2744 3248 μετά
2801 3179 2900 3250 τὴν
2962 3181 3153 3250 ὑγείαν
3211 3183 3516 3237 ἀπόστασιν
3573 3186 3679 3238 τοῦ

2088 3268 2334 3321 τοιούτου
2390 3270 2653 3339 ἀθεμίτου
2692 3272 2999 3344 γάμου,οὐ
3056 3275 3304 3346 μετάσχῃ
3356 3276 3681 3330 τελευτῶσα

2083 3361 2183 3431 τῆς
2208 3362 2367 3429 ἁγίας
2396 3361 2791 3431 μεταλήψεως;
2821 3366 3037 3431 Λύσις.
3076 3365 3135 3419 Ὀ
3185 3368 3285 3437 μὲν
3333 3368 3527 3438 παρὼν
3576 3388 3682 3424 κα-

2085 3454 2191 3507 νὼν
2230 3456 2385 3531 οὐδέν
2411 3472 2465 3508 τι
2505 3457 2634 3524 περὶ
2674 3456 2867 3508 τούτου
2898 3458 3064 3528 φησίν
3087 3473 3100 3488 ⁸
3131 3456 3287 3529 οἶμαι
3315 3460 3373 3513 δὲ
3402 3464 3676 3532 άσυμπατ

2089 3546 2180 3611 θὲς
2204 3543 2346 3601 εἶναι
2376 3549 2435 3601 τὸ
2471 3549 2548 3619 μὴ
2578 3549 2876 3621 ἀξιωθῆναι
2928 3550 3142 3621 ταύτην
3175 3551 3269 3605 τοῦ
3319 3553 3485 3606 καλοῦ
3542 3557 3679 3623 spo-

2086 3640 2197 3692 δίου
2268 3642 2326 3693 ὲν
2404 3644 2523 3704 ταῖς
2591 3642 2939 3706 τελευταίαις
3005 3646 3327 3711 ἀναπνοαῖς,
3384 3646 3675 3717 ὀρθὸδοξον

2087 3730 2273 3784 οὖσαν.
2303 3734 2392 3784 Διὸ
2424 3733 2526 3785 κᾶν
2562 3734 2636 3803 μὴ
2690 3736 2894 3806 ποιήσῃ
2928 3736 3194 3808 τοιαύτην
3227 3739 3547 3800 κατάθεσιν.
3582 3738 3679 3795 διὰ

2092 3822 2190 3889 τῆς
2223 3821 2371 3885 θείας
2407 3823 2760 3892 μεταλήψεως
2790 3826 3248 3897 ἐφοδιασθὴσεται
3274 3844 3287 3859 ·
3328 3831 3424 3882 καὶ
3471 3832 3521 3882 εἰ
3570 3832 3676 3901 μὲν

2094 3912 2359 3978 ύγιάνασα
2384 3913 2518 3985 λύσῃ
2552 3914 2811 3986 ἀθέμιτον
2842 3919 3042 3988 γάμον,
3076 3920 3557 3991 παραδεχθήσεται
3589 3924 3675 3987 εἰς

2094 4000 2417 4071 μετάνοιαν·
2454 4005 2503 4055 εί
2546 4004 2602 4056 δὲ
2650 4006 2748 4075 μὴ,
2799 4007 2895 4076 τῆς
2934 4008 3260 4076 Ἑκκλησίας
3315 4014 3675 4068 παντάπασιν

2089 4094 2662 4168 ὲξοστρακισθήσεται,
2695 4098 2767 4160 ὼ,
2799 4100 2876 4169 τῷ
2906 4102 3060 4170 κακῷ
3092 4104 3453 4171 ἐπιμένουσα.

406 4196 588 4248 nionis
636 4196 909 4263 particeps
963 4201 1068 4244 :et
1130 4190 1196 4253 si,
1264 4198 1552 4259 postquam
1615 4190 1984 4252 convaluerit,
2026 4188 2204 4243 solvat
2273 4190 2545 4245 nefarium
2614 4194 2952 4263 coniugium,
3009 4197 3077 4250 ad
3134 4199 3513 4267 petunt-titiam
3575 4201 3674 4257 ad-

403 4288 652 4340 mittetur
686 4303 701 4340 :
731 4285 815 4339 sin
846 4284 1052 4350 minus,
1086 4284 1154 4337 ab
1190 4284 1428 4338 ecclesia
1463 4285 1691 4336 omnino
1719 4282 2197 4347 exterminabitur,
2229 4295 2289 4339 ut
2319 4301 2439 4355 qua:
2463 4287 2517 4341 in
2551 4289 2695 4343 malo
2727 4300 3062 4358 perseveret.

473 4382 727 4438 ZONAR.
791 4379 848 4436 Si
895 4395 1002 4451 qua
1056 4381 1252 4435 mulier
1308 4380 1526 4450 nuptias
1577 4393 1703 4432 cum
1764 4379 1982 4434 duobus

2163 4381 2408 4436 ΖΩΝΛΡ.
2461 4382 2591 4436 Ἐάν
2639 4386 2779 4453 γυνὴ
2833 4386 2979 4439 κατὰ
3032 4386 3212 4455 γάμον
3265 4387 3361 4441 δύο
3423 4390 3675 4459 ἀδελφοῖς

403 4479 671 4532 fratribus
700 4474 1065 4539 contraxerit,
1121 4490 1220 4528 nec
1256 4483 1317 4528 ut
1348 4488 1443 4527 eas
1475 4471 1738 4526 dissolvat
1785 4471 1981 4527 adduci

2091 4477 2411 4546 συνοικήσῃ,
2446 4476 2754 4540 ἐξωθείσθω
2788 4481 2888 4548 τῆς
2910 4478 3207 4550 ἐκκλησίας
3233 4481 3395 4552 μέχρι
3435 4456 3673 4538 θανάτού

403 4572 601 4640 possit,
634 4580 785 4624 extra
818 4566 1134 4630 ecclesiam,
1167 4565 1369 4634 inquit,
1408 4564 1587 4633 quoad
1619 4563 1838 4626 vixerit,
1886 4577 1981 4616 ex-

406 4661 683 4715 trudatur.
716 4658 872 4723 Quod
907 4657 951 4711 si
987 4657 1133 4709 inter
1158 4655 1504 4714 moriendum
1535 4654 1603 4709 de
1634 4653 1984 4721 dissolvendo

403 4753 683 4823 coniugio
715 4751 761 4806 si
816 4748 1159 4803 convaluerit
1204 4748 1549 4816 polliceatur,
1583 4757 1789 4803 sancta:
1829 4763 1984 4803 com-

402 4841 689 4896 munionis
730 4848 863 4893 tunc
898 4837 1127 4908 quidem
1164 4838 1441 4906 particeps
1475 4837 1605 4893 lict:
1650 4853 1836 4891 verum
1883 4839 1982 4893 dc-

406 4934 570 5003 pnlso
617 4931 812 4985 morbo
863 4931 1246 5001 ptenitentiam
1303 4929 1547 4997 habebit,
1605 4932 1702 4985 hoc
1762 4938 1868 4995 est,
1914 4931 1981 4985 ad

411 5025 791 5095 pmuitcntiam
822 5025 1165 5079 admittetur.
1203 5022 1356 5089 Quod
1395 5023 1438 5079 si
1490 5041 1594 5078 una
1630 5041 1696 5079 ex
1732 5024 1813 5079 his
1859 5039 1984 5092 per-

406 5115 564 5170 sonis
592 5114 887 5169 interdicto
923 5114 1181 5185 conjugio
1211 5114 1418 5185 illigata
1464 5115 1794 5181 decesserit,
1843 5112 1981 5167 ditii-

402 5208 526 5262 cilis
574 5208 911 5276 ptenitcntiae
963 5209 1105 5263 ratio
1139 5211 1425 5279 superstiti
1462 5212 1826 5279 relinquetur.
1876 5207 1981 5274 Qui

403 5302 551 5355 enim
586 5303 975 5369 pmnitentiam
1028 5303 1160 5369 agit,
1213 5303 1260 5357 is
1305 5304 1350 5358 si
1400 5317 1430 5355 a
1473 5311 1701 5370 peccato
1749 5303 1982 5355 desistat

407 5395 732 5461 pmuitentia
760 5394 885 5447 duci
931 5394 1305 5450 existimatur.
1355 5393 1424 5448 At
1469 5395 1513 5447 si
1554 5394 1609 5448 in
1660 5394 1804 5448 tnalo
1855 5409 1980 5464 per-

400 5483 571 5547 sistit,
604 5483 730 5551 quis
765 5498 889 5539 eutu
919 5487 1239 5555 pmttitentia
1270 5485 1495 5539 admissi
1526 5486 1793 5540 {acinoris
1828 5486 1974 5556 tangi

400 5573 612 5639 credat,
648 5585 746 5630 aut
780 5592 891 5644 quo
922 5589 1080 5645 pacto
1106 5578 1197 5632 illo
1227 5576 1294 5631 ad
1329 5579 1706 5647 pteuitentiam
1759 5578 1977 5633 admitti

395 5664 586 5731 queat?
609 5664 711 5729 Qui
739 5682 865 5720 vero
895 5682 1069 5736 usque
1089 5667 1155 5721 ad
1177 5669 1425 5722 mulieris
1455 5670 1663 5724 obitum
1694 5685 1975 5739 nunquam

397 5770 457 5811 δυ
507 5756 574 5809 ab
608 5758 906 5827 “legitimis
956 5762 1165 5829 nuptiis
1221 5759 1496 5832 abjuuxit,
1548 5763 1594 5818 is
1635 5779 1693 5820 se
1743 5763 1974 5820 muliere

2093 4568 2170 4638 μὴ
2204 4569 2502 4641 πειθομένη
2562 4570 2720 4624 λῦσαι
2750 4573 2840 4625 τὸν
2896 4572 3106 4641 γάμον·
3162 4575 3210 4625 εί
3246 4574 3301 4626 δὲ
3359 4575 3676 4644 θνήσκουσα

2089 4661 2496 4731 ἐπαγγέλληται
2523 4663 2607 4716 ὅτι
2646 4663 2915 4731 ὑγιάνασα
2956 4663 3109 4719 λύσει
3139 4668 3232 4717 τὸν
3256 4665 3455 4736 γάμον,
3485 4666 3677 4731 τεύξε-

2088 4768 2178 4804 ται
2207 4755 2304 4822 τῆς
2332 4753 2495 4821 ἁγίας
2514 4754 2883 4825 ’μεταλήψεως
2915 4756 3059 4821 τότε,
3094 4756 3192 4809 καὶ
3222 4758 3672 4829 ἁναρρωσθεῖσα,

2087 4841 2199 4908 ἕξει
2228 4845 2540 4913 μετάνοιαν,
2562 4845 2682 4898 ἀντὶ
2717 4844 2831 4910 τοῦ,
2864 4846 3190 4918 δεχθήσεται
3233 4850 3317 4912 εἰς
3352 4850 3671 4919 μετάνοιαν.
3756 4864 3759 4867 ’

2100 4934 2231 4987 Ἐάν
2254 4934 2309 4986 δὲ
2342 4934 2403 4987 τὸ
2436 4936 2494 4988 ἒν
2530 4936 2642 4988 τῶν
2682 4928 2991 5006 προσώπων
3019 4939 3229 4993 τούτων
3269 4941 3325 4992 ἐν
3352 4941 3429 5010 τῷ
3470 4942 3672 5013 ἀθεμί-

2084 5044 2160 5096 τῳ
2183 5030 2349 5099 γάμῳ
2382 5029 2707 5101 τελευτήσῃ,
2742 5031 3018 5103 δυσχερὴς
3046 5034 3079 5103 ἡ
3121 5034 3382 5104 μετάνοια
3409 5035 3489 5106 τῷ
3508 5052 3674 5109 περι-

2084 5121 2383 5191 λειφθέντι.
2474 5122 2531 5175 ’0
2607 5126 2716 5195 γάρ
2798 5125 3083 5194 μετανοῶν
3140 5128 3519 5199 ἀφιστάμενος
3565 5131 3670 5198 τῆς

2086 5216 2361 5285 ἁμαρτίας
2393 5217 2712 5268 πιστεύεται
2752 5219 3161 5287 μετανοεῐνἉΕἰ
3195 5220 3239 5272 δ’
3278 5222 3356 5274 ἐτι
3390 5223 3449 5275 τὸ
3496 5224 3668 5278 κακὸν

2083 5309 2337 5378 πράττει,
2383 5308 2499 5370 πῶς
2543 5308 2929 5378 λογισθήσεται
2994 5313 3423 5383 μεταμέλεσθαι,
3474 5316 3508 5386 ἢ
3546 5316 3669 5381 πῶς

2081 5400 2408 5470 δεχθήσεται
2441 5402 2519 5462 εἰς
2556 5401 2886 5471 μετάνοιαν;
2934 5394 2992 5455 Ὀ
3020 5404 3075 5456 δὲ
3107 5406 3272 5478 μέχρι
3305 5408 3539 5462 θανάτου
3566 5411 3669 5480 τῆς

2081 5494 2338 5562 γυναικὸς
2370 5496 2444 5563 μὴ
2483 5494 2728 5559 ἀποστὰς
2780 5496 2881 5566 τῆς
2911 5497 3358 5569 ἀθεμιτογαμίας
3388 5500 3668 5556 δείκνυσιν

2078 5586 2181 5651 ὅτι,
2220 5587 2269 5636 εί
2293 5586 2390 5637 καὶ
2417 5585 2497 5638 ἔτι
2524 5591 2742 5657 περιῆν.
2770 5589 2870 5641 οὐκ
2893 5589 2960 5641 ἂν
2995 5589 3208 5661 ἀπέστη
3237 5590 3337 5662 τῆς
3364 5592 3667 5662 ἁμαρτίας,

2078 5676 2152 5737 ὠς
2182 5673 2317 5742 γοῦν
2362 5675 2486 5729 ὅσον
2544 5676 2604 5728 τὸ
2649 5678 2739 5729 ὑπ’
2782 5680 2976 5750 ἐκείνῳ
3025 5681 3101 5750 τῷ
3149 5682 3304 5751 κακῷ
3360 5683 3666 5752 ἐπιμένων,

2078 5766 2398 5836 δυσχέρειαν
2432 5767 2543 5835 ἕξει
2577 5770 2713 5840 πρὸς
2742 5772 2840 5841 τὴν
2888 5772 3177 5841 μετάνοιαν
3200 5790 3214 5804 ·
3271 5774 3368 5829 καὶ
3416 5773 3613 5847 ὥσπερ
3636 5778 3668 5831 ὁ
