4076 6406
380 365 511 429 1201
1402 366 1481 426 IN
1524 365 1693 429 CAN.
1734 365 1828 424 Ill
1859 365 1970 425 COI

2110 347 2546 426 NEOCESAR.
3517 358 3662 421 tatis

377 483 551 551 μέγας
578 478 854 542 Βασίλειος
894 482 953 532 έν
984 481 1058 533 λθ⁹
1094 480 1278 533 κανόνι
1344 479 1512 548 φησίν
1536 496 1551 511 ·
1593 479 1659 530 Ἢ
1683 477 1761 545 τῷ
1792 476 1966 545 μοιχῷ

2076 477 2368 543 superstite
2404 490 2684 544 nunquam
2739 471 3025 527 acrimine
3078 481 3427 523 recessurum
3484 466 3655 521 fuisse

377 570 598 631 συξῶσα
627 569 878 638 μοιχαλὲς
914 571 1028 623 ἐστι
1054 570 1236 623 πάντα
1261 568 1355 621 τὸν
1384 568 1580 636 χρόνον
1600 583 1615 599 ο
1656 565 1799 619 οὕτω
1859 568 1957 618 καὶ

2076 567 2229 635 plane
2284 568 2648 620 demonstrat.
2686 566 2861 635 Igitur
2916 563 3064 617 velut
3118 560 3212 629 qui
3270 566 3539 628 quantum
3595 558 3652 610 in

378 664 406 712 ὀ
437 662 889 731 ἀθεμιτογαμῶν,
944 664 1050 724 ἕως
1104 662 1172 714 ἂν
1223 660 1298 731 μὴ
1356 659 1500 730 λύσῃ
1543 658 1636 711 τὸν
1694 656 1959 725 ἀθέμιτον

2076 660 2193 726 ipso
2222 666 2329 723 est,
2366 660 2420 712 in
2456 657 2664 712 nefario
2696 657 2929 711 crimine
2980 663 3317 723 perseveret,
3352 650 3417 703 ad
3468 649 3650 718 poeni-

373 749 554 817 γάμον
585 791 600 815 ,
687 754 993 823 ἁμαρτάνει
1056 754 1151 804 καὶ
1224 753 1308 813 εἰς
1379 750 1669 819 μετάνοιαν
1742 747 1966 809 ἄδεκτος

2076 748 2301 801 tentiam
2339 749 2529 801 multis
2563 747 2976 801 difﬁcultatibus
3009 744 3297 811 obseptum
3352 742 3455 795 iter
3502 741 3654 793 inre-

373 842 547 917 ἔσται·
2079 840 2223 904 uiet;
2252 848 2305 893 et
2338 840 2798 908 quemadmodum
2831 854 3061 906 magnus
3095 835 3327 889 Basilius
3361 834 3415 886 itt
3444 846 3653 886 canone

380 934 465 986 ait
523 948 739 1001 semper
769 933 1025 988 adulterii
1076 947 1223 986 ream
1270 947 1394 988 esse
1447 946 1567 984 eam
1617 943 1740 999 quas
1788 942 1913 981 cum
1960 927 2212 981 adultero
2272 930 2499 995 habitat,
2563 932 2637 985 ita
2695 940 2747 984 et
2783 931 2873 996 qui
2912 928 3148 983 nefarias
3227 928 3448 994 nuptias
3514 939 3652 977 con-

375 1025 564 1089 traxit,
623 1027 797 1081 donec
856 1026 1206 1081 interdictum
1262 1024 1580 1095 conjugium
1634 1019 1944 1086 rescitlerit,
1992 1021 2045 1075 iu
2079 1037 2217 1077 noxa
2250 1036 2353 1090 est,
2396 1039 2497 1078 nec
2533 1025 2601 1079 ad
2658 1024 3036 1094 pmnitentiam
3108 1020 3377 1075 ullatenus
3439 1019 3648 1072 admitti

374 1128 581 1186 potest.

372 1214 599 1267 ΑΡΙΣΤ.
640 1232 660 1265 ι
714 1212 779 1266 Ἥ
807 1213 1060 1280 ἀδελφοῖς
1089 1211 1389 1281 γημαμένη
1441 1213 1650 1275 δισσοῖς
1698 1213 1789 1264 διά
1845 1210 1960 1282 βίου

454 1324 474 1357 ι
514 1304 825 1369 ἐξωθείσθω
846 1323 860 1337 ο
895 1306 945 1357 εί
968 1305 1025 1357 δὲ
1057 1305 1199 1357 κατὰ
1232 1303 1325 1355 τὸν
1357 1303 1590 1357 θάνατον
1643 1306 1959 1371 ὑπισχνοῖτο

451 1416 471 1449 ι
509 1396 693 1449 λύσειν
720 1396 812 1449 τὸν
854 1396 1054 1466 γάμον,
1093 1396 1159 1448 ἂν
1190 1393 1446 1464 ἐπιὸιῴη,
1493 1394 1605 1457 ἕξει
1646 1396 1957 1463 μετάνοιανο

456 1508 479 1542 ί
520 1492 569 1542 εί
596 1490 652 1542 δὲ
684 1488 1020 1559 τελευτήσει,
1054 1489 1164 1541 τῶν
1204 1487 1469 1542 συνοίκων
1498 1488 1527 1540 6
1550 1483 1653 1553 εἷς,
1684 1489 1959 1559 δυσχερὴς

450 1600 471 1633 ι
506 1580 586 1651 τῷ
624 1581 874 1651 μείναντι
910 1582 1222 1650 ήμετὰνοια
1261 1601 1279 1632 ι

463 1760 527 1812 'll
560 1760 711 1812 δυσὶν
760 1761 1013 1829 ἀδελφοῖς
1063 1758 1397 1830 γαμηθεῖσα,
1442 1758 1539 1813 καὶ
1590 1760 1670 1828 τῷ
1732 1758 1961 1828 άθέσμῳ

376 1854 541 1923 γάμῳ
563 1854 927 1922 ἐπιμένουσα,
954 1854 1042 1907 διὰ
1071 1853 1189 1923 βίου
1215 1853 1417 1916 παντὸς
1444 1851 1619 1921 αὐτῆς
1648 1850 1960 1915 ἐξωθείσθω

375 1938 477 2007 τῆς
504 1939 826 2009 ἐκκλησίας.
862 1942 1025 2009 Ζὴτει
1076 1942 1172 1993 καὶ
1219 1939 1316 1993 τοῦ
1376 1940 1617 2009 μεγάλου
1676 1941 1963 1995 Ῑῖασιλείου

376 2032 582 2084 κανόνα
609 2029 714 2099 κγ’.
753 2032 814 2085 Εἰ
854 2032 911 2085 δὲ
944 2032 1083 2101 πρὸς
1117 2032 1349 2085 θάνατον
1402 2032 1633 2086 ἐλθοῦσα
1686 2034 1962 2103 ὑποσχεθῇ

377 2122 563 2175 λύσειν
591 2122 683 2175 τὸν
728 2124 928 2192 γάμον,
976 2123 1071 2176 ἐὰν
1097 2123 1349 2189 ἐπιζήσει
1370 2139 1386 2156 σ
1420 2125 1638 2193 δέχεται
1665 2125 1747 2185 είς
1794 2125 1964 2193 μετά-

377 2232 547 2268 νοιαν.
597 2216 786 2277 Ὅπως
851 2215 929 2279 δὲ,
983 2215 1137 2282 ζήτει
1183 2217 1386 2271 κανόνα
1438 2214 1514 2286 ξβ⁹
1574 2218 1668 2270 καὶ
1726 2215 1803 2285 ξγ¹
1867 2234 1964 2286 με-

378 2308 546 2375 γάλου
572 2307 876 2361 Βασιλείου.
908 2310 998 2372 Ὠς
1026 2310 1082 2361 δέ
1100 2326 1245 2372 τινος
1276 2308 1548 2373 εἰπόντος,
1580 2310 1647 2363 Εἰ
1675 2310 1732 2363 δὲ
1766 2326 1965 2363 καταν-

377 2400 534 2468 τήσει
565 2402 646 2463 εἰς
677 2400 935 2463 θάνατον,
969 2402 1089 2454 οὐδὲ
1120 2402 1241 2455 τότε
1264 2402 1373 2454 τῶν
1414 2401 1576 2454 θείων
1602 2401 1965 2471 άγιασμὰτων

378 2493 785 2559 ἀξιωθήσεται;
822 2494 1133 2562 ἐπήγαγον,
1167 2494 1245 2557 ὡς
1296 2494 1422 2545 Ἐάν
1450 2493 1507 2545 δὲ
1537 2493 1593 2545 ὲν
1618 2492 1697 2562 τῷ
1726 2492 1967 2561 παρανό-

383 2600 470 2652 μῳ
500 2584 675 2653 τούτῳ
706 2586 871 2655 γάμῳ
904 2583 985 2646 εἷς
1021 2586 1080 2651 ἐξ
1116 2586 1296 2638 αὐτῶν
1335 2585 1660 2657 τελευτήσῃ,
1696 2584 1967 2655 δυσχερὴς

376 2678 457 2743 τῷ
487 2676 709 2747 ζῶντιὴ
741 2679 1023 2746 μετάνοια,
1077 2679 1165 2731 διὰ
1233 2679 1295 2731 τὸ
1378 2679 1452 2748 μὴ
1524 2677 1858 2746 διακοπῆναι
1904 2676 1967 2729 τδ

374 2769 623 2838 ἄθεσμον
659 2769 810 2841 παρά
836 2770 937 2842 τὴν
962 2768 1129 2823 αὐτοῦ
1167 2770 1396 2841 γνώμην
1429 2786 1488 2823 τε
1560 2769 1656 2824 καὶ
1702 2769 1968 2840 προαίρε-

379 2880 485 2920 σιν.

1004 2980 1248 3033 ΚΑΝΩΝ
1283 2978 1365 3034 Γ’.

392 3105 410 3138 ι
448 3087 583 3157 Περὶ
613 3088 723 3140 τῶν
756 3088 1032 3151 πλείστοις
1064 3087 1270 3157 γάμοις
1315 3088 1766 3159 περιπιπτόντων
1796 3090 1824 3142 ὁ
1866 3089 1967 3160 μὲν

455 3200 473 3231 ι
510 3178 701 3249 χρόνος
733 3180 912 3250 σαφὴς
932 3183 959 3233 6
982 3179 1310 3250 ὡρισμένος,
1344 3183 1377 3249 ἡ
1420 3181 1477 3234 δὲ
1503 3181 1822 3252 ἀναστροφὴ
1873 3183 1970 3236 καὶ
1998 3163 2039 3217 C

460 3293 478 3322 ι
518 3274 551 3343 ή
587 3270 773 3335 πίστις
806 3272 987 3326 αὐτῶν
1012 3272 1301 3343 συντέμνει
1334 3272 1446 3343 (95)
1472 3272 1563 3327 τὸν
1602 3273 1796 3344 χρόνον
1829 3274 1964 3344 (94).

454 3446 654 3501 ΒΑΛΣ.
692 3448 833 3512 Τοὺς
861 3448 1217 3517 πολυγάμους
1257 3448 1425 3518 φησὶν
1485 3452 1513 3503 ό
1556 3448 1741 3503 κανὼν
1794 3451 1972 3505 ἐπιτι-

386 3541 591 3611 μᾶσθαι
623 3541 713 3594 διὰ
753 3541 950 3612 χρόνου
988 3542 1299 3612 ὡρισμένου
1354 3542 1473 3612 ἦτοι
1510 3544 1968 3615 προεγνωσμένου

380 3634 493 3687 ἀπὸ
520 3633 817 3704 συνηθείας
842 3650 857 3664 ·
892 3634 1036 3701 πλὴν
1072 3635 1223 3703 παρὰ
1271 3637 1336 3701 τῇ
1383 3635 1722 3705 ὲπισκοπικῇ
1757 3636 1972 3705 διακρί-

386 3741 470 3777 σει
496 3724 617 3777 ἐστὶ
650 3725 746 3777 καὶ
781 3725 871 3776 τὸν
906 3724 1149 3777 τοιοῦτον
1176 3722 1372 3793 χρόνον
1403 3728 1693 3795 συντεμεῖν
1723 3725 1814 3777 διὰ
1866 3726 1967 3796 τὴν

383 3816 600 3885 ἀγαθὴν
627 3814 721 3868 τοῦ
747 3815 1157 3885 ἁμαρτάνοντος
1185 3816 1549 3883 ἐπιστροφήν.
1593 3816 1747 3868 Ἐπεὶ
1775 3816 1830 3868 δὲ
1862 3816 1971 3869 ἀπὸ

383 3901 577 3955 τούτου
604 3901 663 3953 οὐ
706 3902 1040 3971 παρίσταται
1071 3903 1217 3965 τίνες
1256 3902 1365 3954 εἰσὶ
1394 3904 1442 3956 oi
1484 3903 1969 3971 πολυγαμοῠντες,

384 3996 507 4049 οὐδὲ
532 3994 618 4055 τίς
652 3995 804 4046 ἐστιν
827 3994 856 4045 6
881 3994 1189 4063 ὡρισμένος
1224 3994 1437 4062 χρόνος,
1474 3995 1768 4048 κάντεῦθεν
1794 3995 1971 4058 ἄλλως

387 4089 484 4141 καὶ
513 4088 690 4150 ἄλλως
721 4088 790 4143 τά
817 4088 949 4158 περὶ
983 4086 1176 4141 τούτου
1208 4085 1587 4156 ὲξελήφθησαν
1606 4103 1620 4119 ·
1654 4087 1775 4141 οὐδὲ
1803 4090 1970 4158 ἡμεῖς

385 4180 736 4250 ἠδυνήθημεν
754 4179 969 4249 γράψαι
1018 4196 1076 4231 τι
1117 4178 1388 4236 ἐνταυθοῖ.
1457 4181 1546 4233 Ἐν
1585 4183 1770 4250 μέντοι
1800 4180 1877 4250 τῷ
1929 4182 1972 4234 δ’

386 4272 573 4325 κανόνι
607 4271 701 4325 τοῦ
735 4272 974 4341 μεγάλου
1022 4272 1332 4336 Βασιλείου,
1363 4271 1461 4324 τοῦ
1504 4270 1642 4325 Θεοῦ
1708 4272 1970 4339 διδόντος,

388 4365 643 4434 εἴποιμεν
671 4364 741 4417 τὰ
778 4364 966 4418 εἰκότα
1001 4364 1133 4436 περὶ
1168 4365 1281 4418 τῶν
1320 4364 1608 4435 τριγάμων
1643 4365 1738 4419 καὶ
1802 4367 1972 4418 πολυ-

2065 1206 2296 1263 AlllST.
2339 1226 2356 1259 ι
2392 1209 2584 1263 Mulier
2617 1224 2739 1278 qua:
2782 1207 2999 1263 duobus
3037 1207 3297 1260 fratribus
3334 1216 3495 1272 nupta
3543 1215 3645 1269 est,

2142 1317 2160 1350 ι
2199 1316 2293 1369 per
2341 1309 2513 1355 totatn
2566 1302 2733 1359 vitam
2782 1302 3110 1370 expellatur.
3179 1299 3236 1352 Si
3298 1314 3427 1351 vero
3484 1299 3646 1349 morti

2144 1408 2162 1440 ι
2202 1392 2450 1460 proxima
2486 1409 2544 1448 se
2596 1393 2814 1462 nuptias
2863 1393 3171 1445 soluturam
3227 1389 3560 1458 promiserit,
3602 1390 3646 1442 si

2138 1499 2157 1533 ι
2194 1484 2588 1550 supervixerit,
2645 1483 2711 1537 ad
2767 1482 3155 1553 poenitentiam
3206 1480 3551 1535 admittetur.
3591 1477 3647 1532 Si

2144 1593 2163 1626 ι
2206 1587 2385 1629 autem
2422 1592 2566 1631 unus
2601 1592 2631 1629 e
2657 1576 2988 1646 coniugibus
3017 1574 3241 1638 obierit,
3276 1571 3514 1627 dillicilis
3564 1582 3649 1626 est

2150 1686 2169 1719 ι
2208 1668 2496 1737 superstiti
2533 1669 2881 1739 pmnitentia.
2916 1687 2936 1719 ›

2144 1760 2279 1826 Quae
2309 1759 2529 1814 duobus
2567 1760 2831 1816 fratribus
2868 1771 3036 1828 nupta
3071 1767 3177 1821 est,
3205 1758 3336 1811 etin
3366 1756 3651 1827 illegitimo

2067 1853 2175 1908 isto
2208 1853 2467 1923 coniugio
2516 1863 2721 1913 manet,
2768 1867 2866 1920 per
2913 1861 3085 1907 totant
3144 1866 3302 1905 suam
3348 1851 3516 1902 vitam
3560 1865 3653 1903 ee-

2068 1945 2236 1999 clesia
2280 1943 2610 2014 expellatur.
2655 1945 2849 2009 Qumre
2908 1954 2960 1997 et
3003 1942 3187 2011 magni
3242 1941 3429 1994 Basilii
3482 1947 3653 1993 cano-

2068 2051 2188 2090 nem
2230 2036 2322 2089 25.
2376 2036 2433 2089 Si
2479 2048 2663 2089 autem
2725 2036 2888 2088 morti
2934 2035 3388 2103 appropinquans
3451 2031 3651 2100 conju-

2067 2129 2214 2196 gium
2294 2128 2508 2182 solvere
2579 2125 2897 2195 promittit,
2964 2126 3010 2180 si
3095 2124 3508 2193 supervixerit,
3582 2126 3650 2177 ad

2065 2215 2447 2284 paenitentiam
2506 2214 2843 2268 admittitttr.
2899 2212 3188 2278 Quomodo
3246 2228 3411 2276 vero,
3469 2228 3652 2281 quterc

2070 2307 2257 2361 Basilii
2291 2309 2475 2374 magni
2533 2320 2776 2361 canones
2831 2303 2899 2359 62
2942 2315 2996 2358 ει
3040 2305 3131 2359 65.
3163 2303 3328 2375 mi.
3366 2303 3649 2374 Tanquam

2067 2408 2249 2454 autem
2284 2398 2516 2452 dixisset
2563 2397 2839 2467 quispiam
2872 2415 2885 2451 :
2917 2397 3012 2451 Sin
3068 2407 3265 2451 autem
3298 2396 3364 2451 ad
3418 2407 3650 2451 mortem

2069 2490 2419 2562 pervenerit,
2487 2505 2554 2543 ne
2610 2498 2741 2543 tunc
2791 2489 3014 2558 quidem
3073 2488 3258 2542 divina
3308 2499 3653 2542 sacramenta

2069 2582 2367 2652 percipiet?
2400 2581 2740 2649 adjecerunt,
2781 2579 2837 2633 Si
2895 2571 3075 2632 autem
3126 2579 3178 2631 in
3218 2578 3498 2647 illegitimo
3547 2579 3655 2633 isto

2068 2677 2323 2746 conjugio
2361 2691 2506 2728 unus
2561 2689 2750 2727 eorum
2781 2682 3009 2726 mortem
3039 2671 3255 2737 ohierit,
3282 2670 3516 2727 diﬂlcilis
3571 2685 3657 2725 est

2070 2768 2351 2839 superstiti
2423 2766 2761 2835 pwniteutia,
2795 2766 2921 2833 quia
2949 2780 3054 2818 non
3088 2762 3419 2818 discinditur
3447 2772 3501 2817 et
3531 2778 3657 2817 cor:

2070 2863 2263 2931 rigltut‘
2318 2859 2498 2915 scelus
2554 2873 2679 2913 cum
2734 2857 3014 2910 voluntate
3052 2856 3227 2925 ipsius
3265 2868 3318 2910 et
3346 2856 3649 2925 proposito.

2675 2969 2906 3025 CANON
2948 2970 3037 3024 III.

2077 3111 2095 3142 ι
2136 3090 2210 3143 De
2264 3089 2332 3143 iis
2389 3089 2481 3158 qui
2552 3085 2606 3139 in
2666 3085 2900 3154 plurima
2960 3082 3314 3136 matrimonia
3364 3081 3651 3147 incidunt.,

2151 3199 2169 3232 ι
2210 3188 2428 3251 tempus
2462 3177 2684 3248 quidem
2717 3175 3089 3245 prmstitutum
3134 3173 3491 3229 manifestum
3547 3184 3654 3228 est.

2151 3292 2169 3324 ι
2209 3271 2312 3326 Sed
2363 3270 2651 3327 conversio
2704 3283 2757 3325 et
2808 3266 3134 3345 poenitentia
3190 3279 3381 3321 eorum
3439 3274 3686 3337 tempus.

2153 3382 2170 3414 ι
2206 3362 2509 3415 contrahit.
2547 3385 2567 3414 ι

2150 3453 2346 3509 BALS.
2386 3452 2494 3507 Eos
2530 3452 2624 3523 qui
2668 3452 2872 3506 multas
2922 3465 3123 3504 uxores
3167 3447 3473 3511 duxerunt.
3524 3446 3678 3502 dicit;

2074 3565 2250 3604 canon
2289 3548 2563 3618 praefinito
2594 3562 2688 3600 seu
2724 3546 3051 3613 praestituto.
3085 3555 3333 3613 tempore
3381 3557 3509 3598 esse
3557 3558 3660 3612 pu-

2073 3641 2305 3696 niendos
2335 3656 2400 3695 ex
2451 3637 2896 3692 consuetudine:
2946 3634 3043 3690 sed
3095 3643 3179 3690 est
3233 3634 3285 3688 in
3331 3634 3659 3703 episcopalis

2070 3734 2265 3805 judicii
2304 3741 2575 3802 potestate
2606 3730 2711 3783 hoc
2748 3738 2968 3797 tempus
3019 3726 3376 3788 contrahere,
3428 3732 3657 3793 pmpter

2073 3824 2273 3879 bonam
2310 3819 2431 3889 ejus
2461 3820 2555 3888 qui
2587 3818 2835 3888 peccavit
2867 3813 3314 3870 conversionem.
3367 3813 3473 3867 Sed
3527 3816 3657 3881 quia

2073 3934 2135 3971 ex
2168 3916 2297 3970 .hoc
2346 3929 2454 3968 non
2508 3911 2847 3972 ostenditur,
2921 3907 3147 3977 quinam
3200 3906 3311 3959 sint
3361 3905 3655 3975 polygami,

2074 4023 2253 4078 neque
2276 4007 2555 4077 quodnam
2612 4004 2687 4061 sit.
2749 4014 2967 4081 tempus
3014 4000 3406 4068 praestitutum,
3456 4008 3509 4051 et
3555 3998 3658 4051 hoc

2074 4102 2232 4155 aliter
2266 4110 2317 4153 et
2344 4098 2503 4152 aliter
2532 4095 2660 4164 hinc
2692 4105 2745 4148 et
2784 4093 2908 4147 inde
2947 4099 3241 4146 tractatum
3273 4097 3379 4155 est,
3432 4104 3532 4142 nec
3560 4104 3659 4142 nos

2076 4196 2166 4248 hic
2222 4191 2429 4263 aliquid
2492 4189 2739 4264 scribere
2802 4186 3110 4254 potuimus.
3177 4182 3284 4236 Sed
3350 4182 3403 4235 in
3464 4192 3661 4252 quarto

2074 4284 2255 4355 magni
2286 4280 2473 4336 Basilii
2508 4293 2742 4346 canone,
2777 4277 2889 4333 Deo
2917 4276 3369 4342 daute,dicemus
3394 4288 3516 4343 qua:
3532 4284 3662 4327 sunt

2075 4383 2443 4432 consentanea
2496 4378 2564 4427 de
2633 4370 2884 4443 trigatnis
2956 4378 3011 4425 et
3070 4368 3416 4440 polygamis,
3484 4373 3538 4421 et
3596 4366 3662 4420 de

389 4458 584 4527 γάμων
617 4457 713 4510 καὶ
750 4456 879 4527 περὶ
912 4457 1008 4510 τοῦ
1061 4456 1255 4527 χρόνου
1286 4456 1394 4510 τῶν
1444 4455 1743 4528 διδομένων
1792 4458 1970 4510 ἐπιτι-

2079 4477 2325 4537 tempore
2386 4481 2677 4538 poenarum
2758 4480 2881 4535 qua:
2943 4463 3147 4519 dantur
3212 4462 3513 4530 unicuique
3580 4461 3663 4529 ip-

382 4540 529 4617 ⁴μίων
552 4546 777 4631 ,ἑκάστῳ
820 4546 1021 4602 αὐτῶν.

459 4660 709 4716 ΖΩΝΑΡ.
754 4660 842 4712 Ἐν
863 4662 1114 4732 τετάρτῳ
1151 4663 1341 4716 κανόνι
1377 4663 1405 4715 6
1442 4662 1617 4733 μέγας
1667 4663 1971 4727 Βασίλειος,

386 4755 515 4814 τοὺς
545 4752 856 4822 τριγάμους
892 4753 987 4806 ἐπὶ
1036 4756 1360 4829 πενταετίαν
1385 4755 1745 4825 ἀφορίζεσθαι
1797 4757 1971 4823 λέγει,

390 4848 484 4897 καὶ
511 4844 703 4898 τοῦτον
733 4846 824 4898 τὸν
853 4845 1048 4917 χρόνον
1077 4848 1177 4901 οὐκ
1201 4848 1310 4901 ἀπὸ
1344 4849 1567 4911 κανόνος
1599 4847 1741 4920 εἷναί
1776 4866 1969 4919 φησιν,

392 4937 505 4989 ἀλλ’
549 4938 613 4990 ὲκ
649 4937 941 5009 συνηθείας
988 4940 1210 5009 καὶτῆς
1244 4941 1353 4993 τῶν
1390 4941 1805 5011 προειληφότων
1838 4943 1972 4995 ἀκο-

389 5028 634 5093 λουθίας,
682 5031 779 5083 καὶ
854 5032 955 5099 τὴν
1019 5030 1322 5102 τριγαμίαν
1376 5033 1433 5087 δὲ
1494 5034 1574 5097 είς
1627 5034 1977 5104 πολυγαμίαν

389 5122 602 5192 ἀνάγει.
633 5122 769 5179 Τίνα
808 5122 866 5177 δὲ
910 5122 1058 5193 λέγει
1111 5125 1306 5195 χρόνον
1341 5126 1652 5197 ὡρισμένον
1698 5128 1726 5179 6
1780 5126 1975 5196 παρὼν

2081 4576 2295 4618 δοΙΊΠῙΙ.

2152 4673 2405 4730 ZONAB.
2435 4671 2663 4743 Magnus
2700 4670 2938 4726 Basilius
2967 4676 3167 4739 quarto
3219 4682 3436 4724 canone
3492 4668 3665 4736 triga.-

2082 4782 2203 4821 mos
2237 4766 2303 4819 ad
2334 4764 2772 4836 quinquennium
2806 4761 3082 4833 segregari
3134 4760 3331 4829 jubet:
3376 4772 3543 4829 atque
3602 4764 3655 4815 id

2082 4859 2321 4927 Spatium
2360 4874 2467 4911 non
2522 4872 2551 4909 a
2586 4870 2819 4920 canone,
2880 4853 2975 4910 sed
3024 4853 3225 4907 tradita
3276 4867 3308 4907 a
3360 4853 3663 4923 majoribus

2085 4950 2489 5008 consuetudine
2518 4947 2805 5003 deﬁnitum
2841 4960 2961 5000 esse
2987 4944 3211 5005 asserit.
3260 4958 3325 4997 ac
3351 4944 3662 5014 trigatniam

2086 5043 2152 5097 ad
2184 5041 2547 5113 polygautiam
2580 5054 2803 5109 quoque
2836 5037 3106 5092 extendit.
3151 5035 3307 5102 Quod
3358 5051 3488 5089 vero
3527 5044 3665 5091 tem:-

2083 5150 2187 5205 pus
2218 5131 2548 5205 praeﬁnitum
2579 5132 2670 5186 hic
2708 5144 2888 5185 canon
2919 5128 3210 5198 intelligat,
3264 5128 3571 5197 ignoratur,
3609 5127 3661 5182 si

1615 5262 1816 5324 Guill.
1846 5265 2183 5346 Beveregii
2235 5277 2430 5329 noue.

467 5380 575 5451 (9'5)
641 5374 1238 5458 Συντέμιξειηεοιιεχ
1310 5382 1780 5458 Amerhachianus
1837 5387 1967 5458 legit

390 5451 614 5525 τέμνει,
659 5461 865 5525 ηοεινινεΔ
903 5456 1121 5509 lectioni
1174 5472 1276 5507 non
1314 5456 1494 5507 solum
1531 5457 1730 5525 reliqui
1775 5451 1968 5513 omnes

386 5522 629 5647 ἒιὶιῃοθδ,
656 5523 1081 5647 εειξειέοειιιιεε
1116 5526 1498 5580 Antiochenus
1529 5522 1884 5597 suffragatur,
1909 5530 1965 5583 in

438 5611 468 5643 o
516 5630 527 5644 .
557 5607 678 5645 catt.
715 5604 797 5646 ιιι.
865 5597 918 5647 ὖ.

438 5597 527 5644 oll.
557 5607 678 5645 catt.
715 5597 797 5646 tit.
828 5597 918 5648 45.

466 5660 578 5725 (94)
605 5663 715 5716 Tir
740 5664 980 5729 χρόνον.
1010 5665 1133 5718 Post
1160 5668 1271 5718 hmo
1293 5667 1452 5720 verba
1487 5668 1539 5720 itt
1563 5666 1751 5723 codice
1780 5669 1945 5721 Anter

394 5732 675 5807 ἰωνιιίτιιιο
695 5735 796 5787 hoc
822 5736 1035 5807 σχόλιον
1067 5736 1315 5807 habetur.
1367 5736 1570 5789 Ὶόὖτον
1604 5740 1972 5807 ἐξηγούμενος

395 5805 487 5855 τὸν
546 5806 747 5859 κανόνα
803 5808 829 5859 ὸ
879 5806 1055 5876 μέγας
1084 5805 1366 5871 Βασίλειός
1398 5825 1583 5879 φησιν,
1638 5805 1970 5879 Οὖτωπερὶ

2080 5393 2368 5461 τριγάμων
2400 5392 2493 5445 καὶ
2520 5390 2877 5460 πολυγὰμων,
2908 5388 3005 5442 καὶ
3034 5381 3664 5461 δείκνυσιν,.ὃτι“πολυ-

2078 5452 2290 5533 γάμους
2335 5464 2387 5535 οἱ
2453 5452 2693 5535 Πατέρες
2738 5452 2876 5520 ’τοὺς
2932 5458 3261 5525 τριγάμους.
3312 5454 3413 5505 οὐκ
3434 5452 3662 5535 ’.ἄλλους

2083 5523 2284 5602 ξροιὶςίν.⁷
2326 5531 2477 5585 Ilum:
2508 5523 2777 5598 exp-licens
2826 5523 3116 5602 curionem;
3154 5540 3375 5593 magnus
3419 5523 3661 5602 Basilius

2084 5594 2234 5664 dicit.
2268 5603 2356 5658 Sic
2390 5605 2453 5674 de
2488 5594 2724 5674 trigamis
2755 5611 2804 5653 et
2833 5598 3215 5674 polygantis,et
3245 5594 3494 5674 ostendit,
3522 5595 3663 5661 quod

2090 5677 2343 5743 (rigantes
2407 5665 2618 5736 Patris,
2684 5688 2788 5724 non
2845 5665 2979 5723 alius
3034 5668 3278 5723 dixerunt
3329 5665 3659 5736 polggamos.

2085 5744 2217 5802 Vide
2252 5759 2500 5803 sanctum
2533 5743 2696 5800 Basil.
2725 5759 2845 5799 can.
2883 5743 2937 5795 ft.

3354 5872 3381 5887 /
