4076 6442
479 361 621 430 1203

1734 367 2011 429 ΤΗΕΟΙ).
2052 367 2281 428 BALSA
2292 368 2446 429 MON

3565 368 3711 437 1οί

474 472 698 548 quidem
738 448 911 533 multo
943 477 1222 547 antiquior
1256 476 1371 532 hac
1432 479 1677 548 synodus
1716 495 1918 551 magno
1946 483 2048 535 Ba-

2155 482 2356 546 κανὼν,
2406 483 2703 552 ἠγνόηται·
2737 485 3142 553 προγενεστέρα
3197 485 3307 555 γάρ
3353 485 3470 539 ἐστι
3543 489 3733 560 πολλῷ

478 571 603 627 silio
634 570 735 624 fuit
772 588 786 625 :
823 585 886 625 ac
921 572 1147 625 omnino
1177 571 1224 625 si
1256 570 1311 625 in
1344 586 1406 626 ea
1438 572 1661 643 aliquod
1694 582 1910 643 tempus
1953 575 2048 628 tri-

474 675 761 733 gamorum
809 664 1146 734 pcenitentiae
1197 664 1519 733 praeﬁnitum
1568 665 1787 731 fuisset,
1840 682 2049 736 nequa-

474 769 638 815 quam
709 752 843 808 illud
911 754 1382 823 sapientissimum
1444 756 1705 812 Basilium
1776 758 2046 814 latuisset.

473 846 591 901 Nisi
625 847 763 902 forte
792 847 909 902 haec
931 864 1151 918 quoque
1179 849 1422 919 synodus
1445 851 1773 919 prmﬁnitum
1809 859 2047 921 tempus,

475 936 935 991 consuetudinem
970 938 1122 992 dicit.
1172 937 1414 1007 Tempus
1459 940 1678 1010 quidem
1727 940 1920 1010 igitur,
1962 943 2050 997 in-

473 1028 592 1098 quit
644 1044 846 1096 canon,
903 1030 1235 1099 praefinitum
1289 1040 1392 1096 est,
1454 1032 1548 1087 sed
1601 1048 1790 1087 eorum
1844 1034 1937 1103 qui
1979 1034 2051 1088 ob

474 1118 783 1187 trigamiam
819 1121 1161 1188 paenitentiae
1214 1120 1416 1175 addicti
1449 1128 1578 1176 sunt
1648 1123 1935 1177 conversio
1984 1137 2049 1178 ac

476 1209 669 1264 ﬁducia
706 1225 834 1281 erga
872 1210 1039 1266 Deum
1082 1220 1296 1283 tempus
1347 1214 1645 1271 contrahit.
1710 1213 1765 1269 Si
1813 1229 2048 1284 namque

475 1302 566 1368 qui
603 1303 817 1357 illorum
855 1305 1187 1374 poenitentiae
1232 1312 1521 1376 praefectus
1552 1318 1654 1374 est,
1679 1323 1776 1362 eos
1805 1308 1857 1362 in
1890 1308 2047 1362 luen-

473 1396 560 1450 dis
635 1398 811 1465 plenis
874 1399 1117 1452 studium
1191 1399 1551 1469 ardoremque
1612 1415 1724 1470 prae
1778 1416 1837 1455 se
1905 1400 2047 1457 ferre

474 1488 897 1552 animadvertat,
943 1506 1041 1545 nec
1068 1494 1414 1546 consternari
1466 1501 1671 1560 mente,
1716 1493 1808 1549 sed
1868 1495 2047 1563 practi-

475 1579 669 1633 dentes
698 1577 899 1634 divinze
934 1580 1163 1634 bonitati
1195 1581 1412 1635 veniam
1438 1581 1542 1635 sibi
1574 1588 1871 1635 contractae
1894 1594 2050 1634 nox-te

474 1669 750 1737 polliceri,
791 1672 1082 1738 praestituti
1129 1670 1391 1741 temporis
1429 1671 1773 1726 intervallum
1824 1682 2049 1726 contra-

480 1762 569 1815 het
601 1775 665 1814 ac
695 1763 977 1830 praecidet.

2150 572 2244 625 τοῦ
2278 573 2513 642 μεγάλου
2546 573 2820 627 Βασιλείου
2848 576 2881 644 ὴ
2917 576 3140 639 σύνοδος
3174 576 3316 647 αῦτη
3336 594 3351 609 ο
3397 579 3492 631 καὶ
3525 595 3733 634 παντε-

2151 665 2279 729 λῶς,
2310 668 2360 718 εί
2391 666 2594 736 ὥριστο
2633 668 2739 738 πρὸ
2785 666 2992 739 ταύτης
3020 670 3212 738 χρόνος
3265 669 3360 723 ἐπὶ
3397 669 3505 723 τῶν
3534 672 3735 740 τριγά·

2154 775 2291 828 μων,
2321 758 2423 811 ούκ
2451 758 2517 811 ἂν
2553 758 2793 828 ἡγνοήθη
2826 758 2905 828 τῷ
2928 758 2997 810 τὰ
3023 758 3201 811 πάντα
3234 758 3385 828 σοφῷ
3436 759 3728 829 Βασιλείῳ-

2152 854 2199 905 εί
2228 853 2301 921 μή
2326 869 2427 905 που
2454 852 2601 919 λέγει
2636 854 2727 905 καὶ
2744 851 2880 922 αῦτη
2907 854 2940 921 ἡ
2971 851 3184 915 σύνοδος
3208 852 3516 923 ὡρισμένον
3536 855 3733 924 χρόνον

2151 944 2248 1014 τὴν
2275 944 2587 1015 συνήθειαν.
2636 943 2699 997 Ὃ
2738 945 2838 1014 μὲν
2863 939 2958 998 οὖν
2988 945 3204 1014 χρόνος,
3232 947 3420 1015 φησὶν,
3476 946 3732 1017 ὡρισμέ-

2151 1054 2240 1099 νος
2264 1036 2441 1095 ἐστίνή
2483 1038 2513 1106 ἡ
2543 1037 2600 1090 δὲ
2625 1037 2738 1090 τῶν
2760 1037 2851 1090 ἐπὶ
2878 1038 2940 1106 τῇ
2982 1037 3256 1107 τριγαμίᾳ
3316 1037 3734 1106 μετανοούντων

2151 1129 2466 1200 ἀναστροφὴ
2537 1129 2630 1181 καὶ
2657 1131 2688 1196 ἡ
2713 1129 2897 1192 πίστις
2937 1131 2970 1199 ἡ
3002 1130 3139 1199 πρὸς
3160 1130 3253 1182 τὸν
3283 1129 3414 1182 Θεὸν
3443 1131 3733 1199 συντέμνει

2150 1222 2241 1277 τὸν
2267 1221 2477 1291 χρόνον.
2510 1222 2573 1275 Εἰ
2602 1222 2710 1292 γὰρ
2737 1225 2764 1276 ό
2794 1222 3015 1284 τούτους
3054 1220 3356 1289 οἰκονομῶν
3388 1222 3490 1292 ὁρᾷ
3522 1222 3730 1285 αὐτοὺς

2153 1314 2388 1385 σπουδὴν
2442 1314 2886 1383 ἐνδεικνυμένους
2938 1315 3032 1367 καὶ
3092 1313 3409 1384 θερμότητα
3450 1315 3581 1384 περὶ
3626 1314 3734 1384 τὴν

2155 1407 2466 1477 μετάνοιαν,
2496 1407 2593 1461 καί⁸
2639 1408 2741 1460 ούκ
2763 1406 3271 1475 ἀπογινώσκοντας,
3315 1407 3451 1461 ἀλλὰ
3490 1407 3729 1461 πιστεύ-

2150 1519 2309 1565 οντας
2333 1503 2415 1555 ὅτι
2440 1502 2527 1555 διὰ
2554 1502 2656 1571 τὴν
2689 1503 2894 1572 πολλὴν
2929 1502 3246 1573 ἀγαθότητα
3282 1502 3377 1555 τοῦ
3415 1501 3553 1556 Θεοῦ
3589 1503 3731 1569 ἀφε-

2152 1593 2375 1660 θήσεται
2402 1592 2586 1656 αὐτοῖς
2620 1593 2681 1646 τὸ
2721 1593 3053 1664 ἁμάρτημα,
3096 1597 3356 1665 συντεμεί
3395 1595 3488 1648 τὸν
3536 1594 3733 1666 χρόνον

2152 1684 2247 1738 καὶ
2278 1684 2574 1736 ἐλαττώσει
2602 1683 2787 1735 αὐτόν.

476 1827 710 1907 ARIST.
737 1872 756 1904 ι
810 1854 1234 1923 Polygamorum
1290 1863 1507 1925 tempus
1551 1856 1902 1911 manifestum
1939 1866 2042 1911 est.

2155 1863 2372 1919 ΑΡΙΣΤ.
2446 1883 2464 1915 ‹
2503 1865 2624 1920 Τῶν
2657 1864 2993 1933 πολυγάμων
3026 1865 3052 1916 ὁ
3084 1865 3272 1932 χρόνος
3300 1858 3508 1933 ’σαφής
3531 1877 3546 1891 '
3585 1862 3648 1916 τὸ
3678 1864 3733 1917 δὲ

586 1961 607 1994 σ
647 1943 1147 2016 Paenitentizevero
1173 1946 1418 2005 studium.
1444 1948 1875 2017 illudpmcidit.
1915 1965 1933 1998 ι

552 2036 793 2107 Tempus
826 2039 1187 2107 triganiorum
1223 2048 1277 2093 et
1323 2041 1740 2112 polygamorum
1793 2040 2049 2109 supplicii

477 2129 530 2182 in
567 2137 767 2197 quarto
825 2143 1033 2183 canone
1069 2130 1250 2201 magni
1296 2130 1479 2185 Basilii
1534 2138 1588 2185 et
1625 2132 1678 2185 in
1710 2131 2051 2199 octogesimo

478 2220 629 2274 illius
656 2235 869 2275 canone
918 2222 1160 2290 ponitur.
1208 2222 1467 2293 Quinque
1512 2224 1656 2277 enim
1712 2236 1909 2287 annos,
1967 2223 2050 2276 in-

476 2311 619 2379 quit,
653 2311 745 2380 qui
776 2323 887 2368 tres
938 2329 1139 2369 uxores
1190 2314 1365 2381 duxit,
1402 2324 1741 2385 segregetur,
1797 2314 1891 2369 sed
1939 2329 2046 2368 non

477 2403 701 2456 omnino
734 2402 802 2455 ah
849 2405 1079 2459 ecclesia
1111 2417 1399 2471 arceatur;
1436 2421 1624 2460 verum
1648 2409 1785 2461 duos
1821 2414 1917 2459 aut
1940 2414 2049 2460 tres

476 2509 651 2548 annos
675 2496 982 2549 divinarum
1010 2497 1420 2566 Scripturarum
1451 2498 1730 2554 auditione
1756 2497 2046 2566 dignetur:

475 2593 531 2639 et
564 2595 753 2655 postea
792 2603 968 2657 usque
1002 2589 1069 2643 ad
1112 2590 1386 2658 expletum
1433 2589 1871 2659 quinquennium
1924 2603 2047 2641 cum

477 2679 729 2734 tidelibus
780 2681 1082 2747 consistat,
1139 2695 1169 2734 a
1223 2681 1353 2735 boni
1425 2691 1605 2736 autem
1661 2680 2051 2735 communione

477 2772 794 2839 abstineat;
831 2782 886 2829 et
918 2773 999 2828 sic
1033 2776 1250 2827 sincere
1293 2773 1627 2841 resipiscens
1678 2772 1746 2826 ad
1799 2787 2046 2827 commu-

477 2864 693 2918 nionem
746 2865 1091 2919 admittatur.
1133 2869 1203 2919 At
1248 2863 1522 2935 polygami
1573 2879 1668 2919 seu
1721 2865 1815 2934 qui
1862 2865 2051 2934 plures

478 2955 698 3025 nuptias
756 2956 994 3009 inierunt
1045 2963 1104 3010 ut
1166 2957 1281 3023 plus
1320 2955 1527 3025 aliquid
1589 2956 1753 3010 etiam
1809 2954 2049 3011 fornica-

477 3050 624 3103 tione
661 3057 976 3117 peccantes,
1013 3064 1183 3101 unum
1215 3062 1419 3100 annum
1456 3046 1713 3111 deﬂeant,
1768 3056 1877 3102 tres
1920 3047 2050 3102 sub-

2229 1980 2246 2011 ι
2293 1960 2392 2023 τῆς
2418 1959 2709 2029 μετανοίας
2739 1958 3046 2019 σπουδαῖον,
3082 1956 3245 2009 αὐτὸν
3268 1955 3661 2025 ὑποτέμνεται.
3695 1974 3713 2008 ι

2233 2053 2293 2105 Ὀ
2328 2050 2524 2121 χρόνος
2560 2051 2661 2119 τῆς
2717 2049 3003 2117 ἐπιτιμίας
3045 2048 3155 2100 τῶν
3187 2049 3479 2118 τριγάμων
3506 2048 3600 2101 καὶ
3635 2065 3733 2100 πο-

2148 2145 2409 2214 λυγάμων
2451 2144 2630 2195 κεῖται
2663 2143 2721 2193 ὲν
2755 2140 2831 2209 τῷ
2862 2140 3112 2208 τετάρτῳ
3147 2139 3337 2192 κανόνι
3363 2136 3458 2191 τοῦ
3490 2137 3733 2207 μεγάλου

2150 2235 2432 2288 Βασιλείου
2460 2233 2554 2286 καὶ
2588 2234 2645 2286 ἐν
2668 2231 2747 2301 τῷ
2776 2229 3129 2301 ὀγδοηκοστῷ
3157 2230 3347 2283 κανόνι
3377 2229 3570 2283 αὐτοῦ.
3610 2229 3734 2281 Ἐπὶ

2151 2327 2311 2380 πέντε
2353 2324 2463 2395 γὰρ
2512 2323 2660 2377 ἔτεσί
2704 2340 2840 2393 φησι
2885 2322 2979 2375 τὸν
3030 2322 3301 2391 τρίγαμον
3338 2320 3731 2390 ἀφορίζεσθαι,

2151 2416 2289 2487 πλὴν
2321 2416 2396 2487 μὴ
2434 2417 2612 2485 πάντη
2658 2416 2951 2484 ἀπείργειν
3005 2413 3168 2467 αὐτὸν
3207 2413 3307 2481 τῆς
3386 2411 3727 2480 ἐκκλησίας*

2149 2509 2263 2562 ἀλλ’
2291 2510 2350 2562 ἐν
2383 2507 2599 2576 δυσὶνῆ
2661 2507 2753 2559 καὶ
2812 2508 2992 2576 τρισὶν
3036 2505 3187 2557 ἔτεσι
3237 2503 3338 2571 τῆς
3393 2502 3506 2555 τῶν
3561 2504 3724 2556 θείων

2150 2596 2386 2668 Γραφῶν
2414 2597 2734 2668 ἀκροάσεως
2760 2595 2923 2647 αὐτὸν
2963 2593 3150 2658 ἀξιοῦν
3175 2611 3188 2625 ο
3226 2593 3321 2646 καὶ
3357 2592 3495 2662 μετά
3522 2592 3721 2655 ταῦτα,

2153 2688 2316 2758 μέχρι
2378 2685 2475 2739 τοῦ
2546 2684 2902 2755 πληρωθῆναι
2954 2684 3053 2753 τὴν
3122 2682 3469 2743 πενταετίαν,
3528 2683 3732 2751 συστή-

2152 2796 2269 2833 κειν
2306 2777 2446 2848 μετὰ
2485 2776 2593 2829 τῶν
2622 2776 2836 2830 πιστῶν
2860 2791 2875 2808 ο
2919 2777 3019 2846 τῆς
3044 2776 3102 2829 δὲ
3135 2775 3230 2828 τοῦ
3272 2773 3483 2842 ἀγαθοῦ
3537 2791 3734 2827 κοινω-

2152 2869 2268 2931 νίας
2295 2866 2637 2937 άπέχεσθαι·
2676 2866 2770 2919 καὶ
2836 2866 2979 2921 οὕτω
3028 2867 3272 2935 γνησίως
3335 2865 3731 2934 μετανοοῦντα,

2151 2960 2232 3022 είς
2264 2958 2555 3013 κοινωνίαν
2610 2958 3055 3029 παραδεχθῆναι·
3095 2958 3222 3021 τοὺς
3254 2956 3311 3009 δὲ
3351 2956 3730 3026 πολυγάμους,

2150 3049 2225 3113 ώς
2254 3048 2419 3102 πλέον
2445 3066 2498 3102 τι
2532 3049 2628 3101 καὶ
2680 3049 2940 3118 πορνείας
2974 3049 3418 3119 ἁμαρτάνοντας,
3473 3045 3728 3100 ἐνιαυτὸν

476 3144 837 3205 sternantur,
911 3148 967 3195 et
1031 3142 1113 3196 sic
1170 3140 1530 3194 admittantur
1585 3155 1707 3195 cum
1778 3140 2046 3195 ﬁdelibus.

2155 3141 2536 3213 προσκλαίειν,
2572 3143 2723 3211 τρεῖς
2759 3141 3115 3202 ὑποπίπτειν,
3166 3140 3259 3193 καὶ
3290 3139 3433 3192 οὕτω
3480 3134 3734 3209 δέχεσθαι

477 3236 531 3288 lu
588 3235 830 3305 episcopi
885 3241 1067 3288 autem
1122 3241 1412 3303 potestate,
1456 3235 1521 3289 ad
1574 3235 2045 3290 conversationem

478 3328 750 3396 iidemque
822 3324 1032 3394 agentis
1095 3327 1470 3395 pmnitentiam
1536 3328 1930 3398 respicientis,
1989 3334 2049 3381 ut

474 3419 607 3472 dicit
662 3419 749 3472 hic
794 3433 993 3483 canon,
1033 3420 1373 3489 pcenitentia:
1428 3430 1645 3491 tempus
1695 3420 2041 3487 contrahere,

479 3512 722 3578 ponitur.
1317 3530 1321 3534 ”

1052 3604 1282 3662 CANON
1323 3602 1415 3661 IV.

482 3717 499 3746 ε
541 3696 598 3752 Si
629 3698 752 3768 quis
784 3698 1065 3753 mulierem
1093 3700 1516 3769 concupiscens,
1551 3699 1900 3769 proposuerit
1925 3712 2047 3755 cum

554 3811 571 3844 ι
608 3806 672 3847 ea
724 3794 1123 3858 concumbere,
1171 3794 1291 3865 ejus
1344 3801 1527 3848 autem
1592 3792 1928 3849 desiderium
1983 3794 2049 3848 ad

550 3903 569 3936 ι
605 3900 744 3955 opus
800 3900 907 3940 non
958 3887 1194 3952 venerit,
1252 3875 1606 3941 maniféstum
1676 3895 1761 3942 est
1814 3887 1960 3955 quod
2019 3902 2047 3941 a

551 3996 570 4027 ‹
609 3978 780 4047 gratia
814 3986 1084 4033 servatur.
1121 3996 1141 4030 ι

551 4068 739 4124 BALS.
776 4070 833 4123 In
869 4072 1108 4140 peccatis
1142 4084 1266 4125 esse
1310 4080 1545 4140 quatuor
1599 4072 1806 4141 gradus
1860 4074 2051 4129 dicunt

478 4163 653 4217 sancti
683 4162 896 4226 Patres,
931 4162 1353 4232 impressionem
1387 4179 1481 4218 seu
1535 4165 1773 4235 primum
1819 4176 2049 4234 motum,

480 4255 862 4333 luctationem,
887 4256 1292 4319 assensionem,
1322 4264 1377 4311 et
1403 4264 1584 4311 actum
1623 4275 1636 4311 :
1680 4273 1913 4327 quorum
1942 4257 2053 4313 duo

477 4348 695 4416 quidem
727 4347 903 4415 prima
950 4362 1059 4402 non
1109 4363 1229 4402 esse
1277 4364 1453 4418 pmnae
1512 4349 1784 4417 obnoxia;
1841 4350 1892 4402 in
1944 4349 2053 4404 duo

474 4447 655 4493 autem
705 4437 871 4509 405
934 4454 1055 4509 quae
1139 4444 1484 4509 sequuntur,
1555 4452 1771 4506 pennam
1836 4437 2048 4494 cadere.

2160 3234 2430 3304 μετὰτῶν
2461 3233 2691 3288 πιστῶν.
2733 3234 2891 3304 Παρά
2922 3236 2988 3304 τῇ
3026 3232 3246 3303 ἐξουσία
3298 3232 3355 3285 δὲ
3418 3233 3602 3284 κεῖται
3643 3229 3733 3284 τοῦ

2158 3318 2483 3390 ἐπισκόπου,
2518 3324 2595 3388 ὡς
2624 3325 2653 3377 ὀ
2688 3324 2881 3392 παρὼν
2910 3323 3091 3377 κανὼν
3122 3323 3292 3391 λέγει,
3323 3321 3628 3376 ἐλαττῶσαι
3647 3320 3736 3373 τὸν

2157 3420 2351 3489 χρόνον
2384 3418 2486 3487 τῆς
2525 3418 2840 3488 μετανοίας,
2874 3418 3014 3486 πρὸς
3052 3416 3153 3485 τὴν
3190 3416 3469 3486 διαγωγὴν
3493 3414 3591 3469 καὶ
3641 3412 3735 3483 τὴν

2157 3513 2340 3565 πίστιν
2374 3510 2611 3581 ὁρῶντος
2674 3508 2770 3562 τοῦ
2820 3508 3234 3579 μετανοοῦντος.

2758 3601 2995 3656 ΚΑΝΩΝ
3038 3597 3114 3655 Δ’.

2164 3715 2183 3747 ‹
2231 3695 2358 3747 Ἐὰν
2389 3692 2660 3763 πρόθηται
2690 3710 2796 3757 τις,
2826 3691 3179 3760 ἐπιθυμήσας
3205 3690 3489 3760 γυναικδς,
3528 3704 3736 3755 συγκαυ

2152 3800 2155 3803 ‘
2246 3806 2265 3838 ι
2301 3785 2558 3854 θευδῆσαι
2590 3785 2751 3855 αὐτῇ,
2802 3783 2876 3854 μὴ
2915 3785 3045 3856 ἔλθῃ
3075 3784 3132 3837 δὲ
3180 3785 3260 3847 είς
3295 3780 3458 3854 ἔργον
3494 3781 3661 3835 αὐτοῦ
3703 3778 3736 3847 ἡ

2242 3897 2261 3930 ι
2300 3876 2620 3945 ἐνθύμησις,
2658 3877 2911 3944 φαίνεται
2942 3879 3022 3929 ὅτι
3066 3878 3172 3931 ὑπὸ
3231 3877 3333 3948 τῆς
3386 3876 3608 3947 χάριτος
3650 3874 3739 3945 ἐρ-

2236 3992 2254 4022 ι
2297 3972 2527 4044 ρύσθη.)

2234 4064 2429 4119 ΒΑΛΣ.
2471 4065 2595 4117 Ἐπὶ
2643 4063 2752 4116 τῶν
2808 4057 3229 4131 ἁμαρτημάτων
3279 4056 3557 4125 τέσσαρας
3597 4049 3736 4106 εἶναι

2164 4154 2404 4223 βαθμοὺς
2442 4155 2491 4206 οί
2527 4154 2670 4221 ἆγιοι
2702 4153 2941 4220 Πατέρες
2974 4150 3129 4218 φασὶ,
3156 4145 3490 4216 προσὸολὴν,
3522 4144 3729 4213 πάλην,

2163 4248 2579 4319 συγκατάθεσιν,
2612 4246 2705 4299 καὶ
2741 4245 2972 4313 πρᾶξιν·
3007 4237 3082 4296 ὧν
3122 4243 3224 4305 τὰς
3256 4240 3353 4295 δύο
3387 4241 3487 4303 τὰς
3514 4237 3737 4308 πρώτας

2161 4342 2589 4413 ἀνεπιτιμήτους
2632 4335 2811 4403 εἶναι,
2845 4339 2942 4401 τὰς
2992 4337 3047 4390 δὲ
3106 4335 3223 4405 μετ’
3252 4332 3423 4394 αὑτὰς
3482 4326 3577 4384 δύο
3636 4326 3735 4381 ὑπὸ

2160 4432 2458 4501 ἐπιτίμιον.
2508 4428 2648 4484 Οὔτε
2704 4432 2813 4500 γάρ
2869 4429 2900 4499 ή
2948 4426 3226 4499 προσϐολὴ
3280 4426 3554 4494 κρίνεται,
3610 4420 3734 4473 οὔτε

475 4531 662 4600 Neque
692 4532 839 4587 enim
892 4532 1184 4600 impressio
1234 4547 1412 4600 neque
1451 4530 1681 4585 luctatio
1726 4529 2047 4599 indicatur;

2160 4524 2192 4597 ἧ
2223 4525 2390 4595 πάλη,
2418 4525 2515 4578 ἐὰν
2543 4522 2641 4595 τὴν
2674 4524 2982 4595 προσϐολὴν
3020 4519 3469 4592 παραδεξάμενος
3500 4520 3528 4571 ὁ
3592 4517 3735 4583 λογι-

475 4625 523 4679 si
556 4625 699 4678 ratio
732 4623 1151 4692 impressionem
1189 4623 1520 4693 suscipiens,
1554 4631 1607 4677 et
1635 4638 1761 4677 cum
1820 4636 1884 4679 ea
1934 4624 2053 4677 col-

476 4719 703 4783 luctata,
754 4716 1054 4787 cogitatum
1105 4714 1516 4784 repudiaverit:
1569 4714 1818 4770 asSensio
1872 4723 2053 4771 autem

472 4808 759 4878 judicatur
807 4815 863 4862 et
903 4813 1216 4867 accusatur,
1263 4814 1317 4861 et
1372 4806 1515 4861 actio
1547 4807 1793 4876 punitur.
1833 4809 1890 4863 Si
1922 4822 2055 4878 ergo

476 4898 726 4952 mulieris
786 4896 1123 4952 desiderium
1181 4896 1345 4950 alicui
1404 4896 1669 4967 injectum
1729 4908 1833 4965 est,
1904 4908 1959 4953 et
2007 4898 2055 4953 is

473 4992 678 5053 rictus,
711 4994 771 5042 ut
793 5002 917 5042 cum
967 5000 1028 5041 ea
1064 5000 1178 5040 rem
1212 4987 1455 5052 haberet,
1514 5004 1777 5045 assensus
1823 4997 1932 5053 est,
1983 4988 2051 5042 ad

475 5096 615 5151 opus
643 5089 826 5135 autem
868 5094 976 5135 non
1016 5084 1185 5142 venit,
1220 5080 1270 5133 id
1298 5090 1402 5145 est,
1428 5092 1611 5137 actum
1644 5098 1751 5137 non
1784 5080 2053 5150 implevit,

458 5173 832 5230 .manil'estum
885 5180 991 5238 est,
1032 5174 1179 5243 quod
1222 5174 1314 5227 Dei
1368 5178 1543 5246 gratia
1598 5189 1724 5230 eum
1773 5175 2051 5238 servavit;

476 5268 571 5323 sed
611 5282 717 5321 non
754 5267 977 5336 impune
1009 5265 1204 5321 abibit.
1258 5265 1426 5321 Ροειιει
1477 5268 1623 5320 enim
1675 5265 1729 5319 in
1770 5264 2056 5321 assensio-

476 5374 598 5414 nem
631 5359 798 5413 etiam
827 5359 992 5412 cadit.
1027 5358 1141 5412 Hoc
1178 5374 1399 5428 quoque
1456 5357 1807 5411 manifestum
1851 5368 1936 5413 est
1988 5374 2054 5413 ex

473 5466 598 5505 can.
633 5450 700 5505 70
731 5450 908 5505 sancti
940 5450 1148 5515 Basilii,
1181 5450 1273 5521 qui
1328 5451 1460 5503 dicit
1512 5466 1526 5502 :
1558 5449 1835 5506 Diacouus
1882 5451 2053 5508 labris

474 5542 737 5611 pollutus,
779 5544 895 5597 sive
926 5543 1018 5613 qui
1050 5558 1225 5611 usque
1260 5543 1325 5595 ad
1369 5542 1618 5596 osculum
1654 5543 1904 5599 mulieris
1930 5560 2055 5614 per—

478 5636 647 5698 venit,
684 5646 738 5689 et
766 5650 825 5689 se
852 5635 1142 5702 hucusque
1178 5649 1440 5702 peccasse
1470 5633 1763 5689 confessus
1800 5646 1905 5701 est,
1948 5634 2054 5689 mi-

478 5725 708 5778 nistcrio
752 5724 799 5779 ei
832 5726 1212 5789 interdicctur,
1245 5724 1431 5791 idest,
1482 5726 1550 5779 ad
1600 5738 1812 5797 tempus
1859 5728 2053 5797 prohi-

480 5815 694 5871 brbitur
753 5835 765 5870 :
830 5817 923 5873 sed
999 5816 1359 5873 sacramentis
1417 5833 1519 5873 una
1598 5834 1719 5873 cum
1801 5818 2051 5875 diaconis

2162 4618 2298 4687 σμὸς
2330 4619 2424 4670 καὶ
2456 4616 2729 4679 παλαίσας
2759 4614 3127 4684 ἀπεπέμψατο
3160 4612 3220 4666 τὸ
3248 4611 3537 4682 ἐνθύμιονο
3598 4610 3633 4679 ἡ
3681 4605 3736 4659 δὲ

2160 4707 2566 4774 συγκατάθεσις
2594 4707 2842 4777 κρίνεται
2868 4704 2964 4757 καὶ
2995 4705 3261 4766 αἰτιᾶται,
3308 4701 3404 4755 καὶ
3445 4703 3477 4770 ἡ
3538 4696 3735 4768 πρᾶξις

2157 4798 2473 4864 κολάζεται.
2518 4800 2644 4853 Ἐὰν
2676 4798 2770 4851 οὖν
2827 4797 3096 4868 ἐπιθυμία
3148 4794 3454 4867 προσέϐαλέ
3496 4810 3605 4845 τινι
3643 4807 3736 4857 γυ-

2156 4892 2364 4959 ναικὸς,
2413 4893 2509 4946 καὶ
2552 4891 2799 4961 νικηθεὶς
2852 4889 3227 4957 συγκατέθετο
3289 4887 3515 4957 μιγῆναι
3575 4882 3732 4951 αὐτῇ,

2156 4987 2257 5039 οὐκ
2282 4983 2413 5058 ἦλθε
2439 4987 2495 5039 δέ
2528 4988 2605 5048 είς
2619 4984 2800 5055 ἔργον,
2831 4984 2951 5054 ἦτοι
2975 4984 3036 5037 οὐ
3070 4983 3168 5052 τὴν
3196 4981 3396 5052 πρᾶξιν
3425 4979 3732 5048 ἐπλήρωσε,

2159 5080 2410 5148 φαίνεται
2459 5080 2542 5132 ὅτι
2590 5080 2619 5148 ἡ
2661 5076 2822 5147 χάρις
2862 5076 2956 5130 τοῦ
3036 5075 3171 5129 Θεοῦ
3227 5075 3389 5128 αὐτὸν
3434 5073 3730 5145 ἐρρύσατο·

2159 5173 2300 5242 πλὴν
2323 5173 2422 5225 οὐκ
2450 5170 2844 5239 ἀνεπιτίμητος
2894 5169 3069 5223 ἔσται.
3106 5166 3216 5221 Καὶ
3253 5168 3284 5237 ὴ
3333 5164 3732 5233 συγκατάθεσις

2158 5265 2266 5337 γὰρ
2298 5265 2403 5317 ὑπὸ
2430 5262 2706 5331 ἐπιτίμιον
2733 5263 2967 5331 γίνεται.
3005 5262 3114 5313 Καὶ
3150 5259 3310 5313 τοῦτο
3348 5258 3504 5328 δῆλον
3534 5260 3599 5309 ἐκ
3640 5248 3730 5306 τοῦ

2159 5355 2198 5410 o'
2252 5358 2476 5418 κανόνος
2502 5354 2594 5408 τοῦ
2632 5354 2788 5424 ἁγίου
2834 5354 3146 5419 Βασιλείου,
3205 5352 3493 5420 λέγοντος·
3539 5348 3728 5402 Διάκο-

2157 5466 2247 5512 νος
2283 5449 2341 5503 ὲν
2370 5447 2572 5519 χείλεσι
2604 5447 2852 5518 μιανθεὶς
2877 5446 3046 5517 ἤγουν
3078 5446 3240 5517 μέχρι
3266 5445 3572 5513 φιλήματος
3600 5439 3731 5509 φθάο

2160 5558 2259 5603 σας
2299 5542 2577 5607 γυναικὸς,
2619 5542 2713 5593 καὶ
2767 5540 2929 5609 μέχρι
2963 5538 3156 5591 τούτου
3192 5537 3578 5606 ἡμαρτηκέναι
3609 5533 3731 5598 ὁμο·

2161 5638 2421 5707 λογήσας,
2449 5637 2547 5708 τῆς
2578 5637 2927 5707 λειτουργίας
2972 5636 3420 5706 ἐπισχεθήσεται,
3483 5630 3727 5685 τουτέστι

2162 5730 2326 5799 μέχρι
2358 5729 2552 5799 καιροῦ
2588 5728 2965 5799 κωλυθήσεται
2998 5744 3022 5786 ο,
3070 5725 3165 5779 τοῦ
3222 5727 3280 5779 δὲ
3330 5716 3581 5794 μετέχειν
3628 5717 3729 5771 τῶν

2161 5821 2703 5892 ainant-internata
2757 5821 2867 5893 τῷν
2899 5820 3163 5874 διακόνων
3211 5818 3598 5887 ἀξιωθήσεται.
3661 5807 3731 5863 Th
