4076 6432
352 352 492 425 1209

1407 373 1494 435 IN
1529 375 1696 438 CAN.
1742 373 1821 437 VI
1858 374 2068 440 (ΣΟΝο.
2106 378 2557 445 NEOC/ESAR.

3481 383 3621 451 1210

346 479 411 534 ἐν
445 484 511 554 τῇ
543 483 678 554 εὐχῇ
732 484 904 551 ἐστιν,
960 486 1277 559 ἀκροάσθω,
1335 492 1777 561 τουτέστι¹μετά⁸
1821 494 1912 546 τῶι

2035 458 2156 549 de/m
2186 511 2253 553 ex
2277 497 2668 567 perfectiorum
2686 512 2916 553 numero
2951 496 3133 565 fuerit,
3165 511 3356 554 eorum
3381 501 3614 569 scilicet,

357 574 556 645 μέχρις
598 576 919 646 ἀκροάσεως
966 580 1276 650 ἱσταμένων
1323 584 1529 653 στήτω,
1597 585 1646 636 εί
1684 585 1933 654 ἀπόσχη-

348 683 441 719 ται
468 666 563 720 τοῦ
590 669 953 739 ἁμαρτάνειν*
1004 674 1054 725 εί
1096 674 1153 727 δὲ
1194 675 1304 728 τῶν
1332 677 1698 745 ἀκροωμένων
1758 678 1925 742 ἐστὶν,

349 757 435 813 ἔτι
466 761 561 813 καὶ
596 762 925 832 ἁμαρτάνει,
978 765 1307 832 ὲξωθείσθω,
1349 769 1470 822 ἀντὶ
1530 770 1626 822 τοῦ
1684 768 1790 835 ἔξω
1831 770 1932 840 τῆς

350 853 653 926 ἐκκλησίας
687 858 868 928 στήτω
902 859 1045 929 μετὰ
1070 859 1179 914 τῶν
1209 862 1679 932 προσκλαιόντων.

355 1121 585 1179 ΑΡΙΣΤ.
653 1143 672 1177 ι
721 1125 784 1179 Ὀ
819 1128 876 1180 ὲν
909 1126 986 1197 τῷ
1011 1129 1370 1197 κατηχετσθαι
1432 1130 1781 1198 ἁμαρτάνων,
1833 1131 1928 1185 ὲάν

435 1236 455 1269 ι
500 1219 631 1285 γόνυ
667 1219 866 1273 κλίνων
904 1224 1101 1291 μηκέτι
1135 1223 1465 1292 ἁμαρτάνοι,
1508 1226 1824 1297 ἀκροάσθω·
1876 1226 1926 1280 εί

433 1328 453 1362 ι
496 1311 553 1365 δὲ
597 1313 693 1366 καὶ
725 1315 1079 1385 ἀκροώμενος
1107 1318 1439 1389 ἁμαρτάνοι,
1472 1318 1659 1373 τέλεον
1688 1318 1930 1372 ἅπωθεί-

424 1421 442 1455 ι
493 1404 626 1460 σθω.
684 1426 700 1458 ι

366 1498 369 1501 ’
416 1496 523 1550 Δύο
568 1499 685 1569 είδη
719 1500 829 1555 τῶν
882 1504 1315 1576 κατηχουμένων
1370 1505 1530 1559 είσίν·
1574 1508 1624 1561 οί
1676 1507 1777 1578 μὲν
1818 1508 1928 1577 γὰρ

351 1590 479 1659 ἄρτι
516 1593 939 1665 προσέρχονται·
991 1596 1071 1650 διὸ
1106 1598 1202 1651 καὶ
1260 1598 1336 1662 ὡς
1384 1598 1730 1668 ἀτελέστεροι
1789 1599 1928 1670 μετὰ

346 1683 449 1750 τὴν
475 1683 742 1751 ἀκρόασιν
769 1686 878 1739 τῶν
910 1687 1168 1758 Γραφῶν,
1197 1690 1293 1741 καὶ
1334 1689 1446 1743 τῶν
1471 1689 1635 1743 θείων
1676 1690 1928 1758 Εὐάγγε-

346 1770 480 1826 λίων
520 1776 685 1839 εὐθὺς
710 1772 1035 1845 ἐξίασιν·ὀί
1062 1780 1117 1833 δὲ
1180 1781 1288 1851 πρὸ
1332 1781 1528 1852 καιροῦ
1590 1781 1922 1851 προσῆλθον,

350 1868 444 1922 καὶ
473 1871 733 1937 γεγόνασι
761 1871 1081 1941 τελειῦτεροι
1110 1888 1125 1903 ⁸
1153 1873 1278 1927 ὅθεν
1304 1874 1403 1927 καὶ
1424 1874 1563 1944 μετά
1592 1875 1652 1927 τὸ
1676 1874 1926 1942 Εὐαγγέ-

348 1965 461 2019 λιον
492 1965 590 2035 τὴν
616 1966 709 2017 ἐπὶ
735 1966 846 2029 τοῖς
891 1968 1326 2036 κατηχουμένοις
1365 1966 1532 2037 εὐχὴν
1565 1968 1921 2038 ἀναμένουσι·

347 2059 443 2112 καὶ
469 2059 528 2111 ἐν
555 2058 633 2129 τῷ
666 2060 1113 2127 προσφωνεῖσθαι
1148 2060 1231 2123 τὸ,
1260 2062 1324 2113 Οἱ
1348 2061 1773 2132 κατηχούμενοι,
1820 2064 1923 2126 τὰς

347 2148 590 2221 κεφαλὰς
623 2152 777 2222 ὑμῶν
804 2152 881 2223 τῷ
913 2154 1103 2224 Κυρίῳ
1118 2154 1361 2220 κλίνατε,
1380 2158 1438 2207 τὸ
1461 2158 1590 2224 γόνυ
1622 2157 1916 2212 κλίνουσιν.

348 2247 412 2298 Οἱ
446 2243 577 2312 γοῦν
614 2240 958 2313 τελεώτεροι,
992 2241 1068 2305 ὡς
1118 2243 1410 2311 γευόμενοι
1445 2245 1613 2298 καλοῦ
1646 2246 1782 2299 Θεοῦ
1821 2249 1919 2319 ῥή-

346 2354 512 2407 ματα,
550 2336 646 2388 καὶ
682 2334 1119 2405 παραπεσόντες,
1173 2335 1603 2406 μετακινοῦνται
1654 2340 1754 2408 τῆς
1783 2341 1915 2394 στά-

342 2445 504 2490 σεως,
549 2429 643 2479 καῖ
676 2428 789 2489 τοῖς
824 2426 1200 2495 ἀκροωμένοις
1232 2428 1646 2482 συντάττονται·
1680 2431 1727 2482 εί
1748 2429 1804 2482 δὲ
1824 2431 1917 2484 καὶ

339 2519 683 2591 ἀκροώμενοι
734 2519 1135 2589 ἁμαρτάνουσι,
1170 2521 1274 2591 τῆς
1348 2519 1675 2592 Ἐκκλησίας
1731 2521 1916 2577 τέλεον

334 2612 691 2678 ἔξωθοῦνται.

638 2693 642 2696 ⁴
938 2709 1180 2764 ΚΑΝΩΝ
1217 2706 1309 2775 (τ’.

342 2816 364 2853 ι
401 2801 537 2874 Περὶ
604 2802 1009 2874 κυοφορούσης,
1064 2804 1145 2856 ὅτι
1204 2803 1285 2856 δεῖ
1346 2800 1702 2872 φωτίζεσθαι,
1752 2806 1915 2859 ὁπότε

406 2910 427 2945 ι
469 2892 741 2962 βούλεται.
814 2894 981 2946 Οὐδὲν
1053 2893 1162 2963 γάρ
1214 2895 1272 2945 ἐν
1334 2893 1509 2962 τούτῳ
1568 2898 1821 2947 κοινωνεῖ
1878 2898 1911 2964 ἠ

412 2999 431 3033 ι
469 2982 732 3035 τίκτουσα
762 2982 837 3049 τῷ
864 2984 1199 3051 τικτομένῳ·
1250 2981 1337 3034 διὰ
1370 2981 1431 3035 τὸ
1480 2983 1710 3037 ἑκάστου
1778 2982 1931 3038 ἰδίαν

413 3092 433 3127 ι
470 3073 568 3144 τὴν
618 3073 946 3144 προαίρεσιν
992 3071 1094 3144 τὴν
1150 3073 1244 3127 ἐπὶ
1296 3076 1361 3147 τῇ
1394 3074 1659 3147 ὁμολογία
1697 3074 1913 3129 δείκνυ-

408 3185 427 3219 ι
469 3166 617 3222 σθαι.
665 3184 687 3219 ι

407 3350 605 3404 ΒΑΛΣ.
637 3346 797 3410 Τινὲς
822 3346 1011 3415 ἔλεγον
1038 3346 1113 3417 μὴ
1146 3347 1387 3413 ὀφείλειν
1428 3348 1788 3419 βαπτίζεσθαι
1815 3350 1916 3415 τὰς

333 3440 393 3506 ἐξ
423 3441 671 3495 ἀπίστων
710 3443 776 3511 τῇ
845 3439 1153 3512 Ἐκκλησία
1203 3441 1655 3513 προσερχομένας
1712 3458 1916 3511 κυοφο·

337 3536 560 3608 ρούσας,
598 3535 713 3588 ἀλλ’
736 3535 1033 3604 ἀναμένειν
1066 3534 1164 3599 τὴν
1195 3532 1277 3598 είς
1302 3534 1363 3588 τὸ
1396 3535 1514 3603 φῶς
1555 3533 1650 3589 τοῦ
1685 3536 1911 3592 τοκετοῦ

331 3629 631 3696 ἑξέλευσιν,
660 3629 745 3681 ἵνα
775 3625 872 3697 μὴ,
908 3626 1114 3698 ταύτης
1148 3626 1575 3698 βαπτιζομένης,
1613 3628 1741 3702 δόξῃ
1776 3649 1914 3702 συμ-

331 3720 696 3785 ϐαπτίζεσθαι
729 3722 825 3773 καὶ
874 3720 935 3771 τὸ
979 3719 1480 3790 ὲγκυμονούμενον,
1514 3722 1590 3784 ὡς
1627 3723 1911 3791 ἡνωμένον

328 3811 503 3864 διόλου
537 3811 695 3878 αὐτῇ·
722 3808 1018 3861 κάντεῦθεν
1052 3808 1191 3877 μετὰ
1222 3807 1283 3860 τὸ
1314 3809 1672 3881 γεννηθῆναι,
1702 3811 1733 3880 ἢ
1761 3811 1912 3879 ἀφώ-

332 3919 519 3954 τιστον
569 3897 930 3967 καταλειφθῇ,
984 3897 1016 3965 ἦ
1076 3895 1477 3966 βαπτιζόμενον
1541 3898 1765 3969 λογισθῇ
1814 3900 1910 3954 καὶ

330 3990 485 4054 αὖθις
524 3986 908 4060 βαπτίζεσθαι.
953 3988 1015 4039 Ol
1045 3985 1177 4053 γοῦν
1213 3986 1480 4056 Πατέρες,
1507 3986 1606 4058 τὴν
1632 3987 1908 4044 ἀντίθεσιν

327 4081 537 4151 ταύτην
582 4080 656 4150 μὴ
676 4077 1143 4147 παραδεξάμενοι,
1174 4075 1388 4146 ὥρισαν
1411 4080 1909 4149 ἀποκριματίστως

331 4172 698 4245 βαπτίζεσθαι
743 4170 845 4234 τὰς
893 4168 1297 4241 κυοφορούσας,
1324 4170 1417 4224 ὅτε
1476 4169 1781 4241 βούλοιντο,
1822 4172 1912 4229 διὰ

327 4266 389 4319 τὸ
424 4264 698 4335 μηδεμίαν
731 4261 1025 4331 κοινωνίαν
1075 4262 1296 4314 ὑπεῖναι
1342 4262 1410 4332 τῇ
1471 4261 1736 4335 τικτούσῃ
1773 4264 1911 4334 μετά

330 4354 427 4411 τοῦ
456 4354 807 4424 τικτομένου,
835 4353 958 4407 ὅσον
985 4351 1069 4414 είς
1099 4351 1189 4405 τὸν
1220 4351 1380 4419 λόγον
1405 4353 1500 4406 τοῦ
1537 4355 1908 4425 φωτίσματος.

338 4449 551 4513 ’Ἄλλως
582 4465 665 4513 τε,
708 4446 895 4517 φασιν,
929 4445 1209 4513 ἀναγκαία
1265 4445 1413 4498 ἐστὶν
1446 4447 1476 4517 ἡ
1506 4446 1739 4501 ἑκάστου
1774 4451 1906 4519 ὁμο-

332 4542 493 4611 λογία
525 4542 584 4593 ὲν
614 4540 692 4610 τῷ
742 4536 1130 4608 βαπτίζεσθαι·
1166 4536 1228 4601 τὸ
1273 4536 1330 4590 δὲ
1366 4535 1609 4607 ἔμϐρυον
1675 4541 1907 4611 ἐστερη-

326 4635 490 4705 μένον
513 4630 811 4690 διαθέσεως
834 4629 893 4681 οὐ
919 4627 1145 4682 δύναται
1174 4626 1274 4691 τὰς
1305 4627 1400 4679 ἐπὶ
1448 4627 1526 4697 τῷ
1555 4627 1905 4709 βαπτίσματι

324 4724 620 4795 ὁμολογίας
657 4721 907 4790 ποιῆσαι.
962 4717 1282 4790 Προσετέθη
1338 4718 1395 4771 δὲ
1447 4716 1525 4789 τῷ
1580 4720 1767 4775 κανόνι
1822 4722 1903 4786 τδ,

325 4817 412 4870 ὅτε
445 4815 747 4886 βούλοιντο,
778 4812 869 4865 διὰ
904 4811 1032 4874 τοὺς
1054 4810 1320 4879 λέγοντας
1353 4812 1462 4881 πρὸ
1498 4812 1600 4883 μὲν
1634 4812 1730 4867 τοῦ
1762 4813 1905 4867 είδο-

328 4908 622 4978 ποιηθῆναι
688 4905 751 4958 τὸ
816 4902 1061 4974 ἔμϐρυον
1122 4904 1202 4967 είς
1251 4902 1541 4975 ἄνθρωπον
1603 4904 1908 4970 ἀκινδύνως

330 4996 693 5069 βαπτίζεσθαι
743 4996 844 5066 τὴν
901 4994 1117 5065 μητέρα
1160 4995 1599 5063 ὲγκυμονοῦσαν,
1648 4997 1789 5067 μετὰ
1847 4996 1904 5050 δὲ

327 5090 487 5144 τοῦτο
516 5088 590 5159 μὴ
634 5088 818 5151 καλῶς
863 5086 1037 5156 αὐτὴν
1096 5084 1476 5155 βαπτίζεσθαι·
1514 5088 1603 5143 διὰ
1649 5090 1709 5143 τὸ
1761 5087 1905 5144 εῖναι

329 5178 588 5249 τοιαύτης
640 5178 937 5240 διαθέσεως
971 5177 1035 5230 τὸ
1086 5177 1586 5247 ὲγκυμονούμενον,
1619 5180 1737 5243 οἵας
1794 5182 1903 5235 είσὶ

328 5270 421 5324 καὶ
455 5269 822 5340 ἀρτιγέννητα
856 5266 1048 5336 νήπια,
1085 5266 1154 5319 τὰ
1181 5265 1256 5336 μὴ
1285 5266 1562 5338 δυνάμενα
1591 5270 1900 5341 ὁμολογεῖν.

326 5359 418 5414 Διό
437 5377 520 5413 τοι
566 5359 662 5412 καὶ
694 5355 848 5412 εἶπον
882 5360 933 5411 οἱ
964 5356 1206 5427 Πατέρες
1236 5356 1323 5410 ἐπ’
1354 5358 1540 5423 ἀδείας
1598 5360 1745 5431 ἔχειν
1803 5363 1903 5433 τὴν

323 5450 759 5521 ὲγκυμονοῦσαν,
782 5452 871 5505 ὅτε
903 5453 1048 5508 θέλει
1084 5453 1474 5524 βαπτίζεσθαι.
1534 5455 1615 5509 Τά
1656 5454 1756 5527 μὲν
1786 5456 1898 5526 γάρ

330 5544 570 5616 ἔμϐρυα,
605 5545 754 5606 ὅπως
780 5543 971 5615 ἔχουσι
1010 5544 1328 5609 διαθέσεως,
1390 5544 1566 5609 οὐδεὶς
1605 5548 1904 5618 περιεργά-

324 5637 526 5691 σασθαι
557 5636 840 5707 δύναταιῆ
872 5636 1262 5702 ἀναδέξασθαι·
1292 5636 1361 5691 τὰ
1385 5636 1443 5690 δὲ
1474 5636 1649 5708 νήπια
1681 5636 1771 5693 διὰ
1790 5641 1901 5693 τῶν

322 5729 735 5800 ἀναδεχομένων
766 5728 908 5782 αὐτὰ
929 5730 1334 5797 κατατίθενται,
1369 5728 1464 5783 καὶ
1487 5730 1899 5801 πραγματικῶς

326 5819 674 5893 φωτιζόμενα
701 5819 857 5887 θείας
888 5819 1271 5886 καταξιοῦνται
1310 5819 1653 5895 ἐλλάμψεως.
1727 5822 1890 5879 Ἀνά-

2034 590 2125 658 qui
2154 589 2206 642 in
2240 591 2556 659 precatione
2601 605 2741 660 genu
2801 590 3052 656 ﬂectunt,
3100 592 3306 655 audiat,
3375 594 3480 649 hoc
3508 605 3615 661 est,

2034 697 2158 738 cum
2194 685 2261 739 iis
2297 686 2390 755 qui
2423 684 2721 740 auscultari
2763 686 3146 742 tantummodo
3199 689 3614 757 permittuntur,

2035 775 2081 829 si
2115 774 2280 828 modo
2306 775 2465 829 ﬁnem
2498 776 2762 844 peccandi
2788 776 2999 843 fecerit,
3039 778 3344 845 consistat;
3379 781 3464 833 sin
3485 795 3617 834 vero

2033 866 2178 920 inter
2208 867 2496 922 audientes
2525 883 2693 937 agens
2720 868 2900 920 adhuc
2938 877 3119 922 tamen
3170 869 3480 929 oﬂenderit.
3516 888 3615 926 ex-

2032 957 2182 1026 pelli,
2214 959 2317 1012 hoc
2340 968 2446 1022 est,
2471 971 2624 1013 extra
2649 959 2937 1014 ecclesiam
2961 976 3085 1015 cum
3115 961 3426 1031 lugentibus
3445 972 3614 1026 stare,

2032 1047 2123 1101 hic
2155 1064 2331 1103 canon
2355 1050 2533 1119 jubet.

2032 1138 2263 1195 ARIST.
2314 1159 2334 1192 ι
2374 1142 2818 1198 Catechumenus
2863 1143 3139 1212 ipeccans,
3181 1144 3249 1209 si,
3287 1146 3416 1200 dum
3470 1162 3610 1216 genu

2112 1253 2131 1287 ι
2174 1235 2366 1299 ﬂectit,
2393 1238 2630 1307 amplius
2655 1238 2989 1308 peccaverit,
3023 1238 3167 1292 inter
3193 1239 3478 1295 audientes
3504 1240 3572 1294 sit
3595 1256 3612 1304 ;

2108 1347 2128 1381 ι
2175 1330 2283 1395 sin,
2320 1332 2448 1384 dum
2480 1333 2624 1386 inter
2656 1331 2947 1386 audientes
2993 1338 3096 1398 est,
3145 1340 3357 1401 peccet,
3394 1332 3613 1401 penitus

2113 1439 2133 1472 ι
2180 1422 2458 1489 ejiciatur.
2492 1441 2511 1474 ι

2102 1514 2235 1569 Duae
2281 1523 2412 1570 sunt
2471 1517 2683 1584 species
2743 1514 3268 1571 catechumenorum
3313 1516 3610 1570 :uonnulli

2028 1604 2171 1658 enim
2201 1603 2364 1658 modo
2390 1603 2701 1665 accedunt;
2740 1606 3001 1673 quocirca
3039 1614 3092 1659 et
3128 1614 3188 1661 ut
3232 1605 3614 1675 imperfectio-

2028 1708 2116 1749 rcs
2143 1702 2265 1764 post
2298 1687 2704 1763 Scripturarum
2728 1704 2783 1751 et
2814 1696 3231 1767 Evangeliorutn
3271 1697 3611 1751 auditionem

2028 1785 2210 1840 statim
2237 1787 2586 1840 emittuntur.
2617 1786 2721 1841 Alii
2760 1795 2941 1841 autem
2965 1794 3090 1839 ante
3121 1792 3338 1853 tempus
3372 1784 3601 1855 aliquod

2030 1876 2389 1941 advenerunt,
2433 1886 2488 1930 et
2546 1876 2906 1945 perfectiores
2962 1884 3276 1932 evaserunt.
3327 1876 3510 1941 Quare
3556 1884 3615 1931 et

2028 1975 2151 2036 post
2190 1964 2541 2036 Evangelium
2597 1980 2788 2036 preces
2836 1981 2936 2036 pro
2988 1966 3401 2021 catecltttmenis
3436 1967 3612 2024 factas

2029 2064 2387 2126 exspectant;
2446 2066 2502 2112 et
2566 2072 2692 2111 cum
2751 2057 2882 2112 illud
2926 2058 3148 2121 dicitur,
3196 2059 3610 2125 Catechumeni,

2027 2147 2205 2216 capita
2242 2155 2421 2201 vestra
2457 2147 2689 2202 Domino
2720 2146 2944 2214 ﬂectite,
2989 2162 3127 2219 genu
3151 2148 3393 2204 ﬂectunt.
3422 2148 3612 2205 Perfe-

2026 2241 2229 2295 ctiorcs
2251 2240 2436 2310 itaque
2471 2250 2529 2294 ut
2559 2241 2651 2312 qui
2681 2242 2824 2295 bona
2858 2240 2952 2297 Dei
2984 2243 3150 2298 verba
3189 2249 3607 2312 pergustarunt,

2027 2331 2070 2386 si
2098 2331 2236 2399 lapsi
2302 2330 2529 2394 fuerint,
2588 2333 2826 2387 statione
2884 2346 2984 2386 sua
3043 2341 3355 2399 moventur,
3392 2343 3607 2388 etcum

2026 2422 2373 2477 audientibus
2425 2423 2812 2489 collocantur;
2874 2423 2919 2478 si
2978 2431 3187 2489 autem,
3238 2432 3293 2478 et
3335 2439 3461 2479 cum
3511 2440 3612 2478 au-

2024 2515 2255 2569 dientes
2281 2516 2413 2581 sint,
2448 2522 2700 2586 peccant,
2748 2517 2817 2570 ab
2845 2517 3079 2572 ecclesia
3141 2517 3381 2587 perfecte
3416 2517 3610 2587 expel-

2022 2606 2231 2662 luntur.

2590 2696 2842 2758 ‘CANON
2896 2701 2990 2758 Vl.

2030 2807 2049 2843 ι
2095 2791 2171 2847 De
2198 2808 2262 2848 ea
2322 2810 2444 2864 quae
2496 2803 2710 2850 uterum
2743 2797 2903 2865 gerit,
2964 2796 3110 2865 quod
3168 2803 3422 2866 oporteat
3486 2810 3608 2852 eam

2099 2906 2118 2939 ι
2163 2888 2455 2955 baptizari,
2512 2887 2732 2955 quando
2785 2888 2944 2944 velit.
3002 2887 3147 2941 Nihil
3177 2888 3322 2942 enim
3356 2903 3448 2950 ea,
3489 2904 3612 2958 quae

2099 3000 2119 3035 ι
2168 2981 2328 3051 parit,
2363 2996 2488 3035 cum
2532 2980 2666 3043 fetu,
2693 2982 2786 3049 qui
2834 2980 3068 3048 paritur,
3115 2981 3216 3035 hac
3275 2982 3330 3035 in
3365 2997 3422 3036 re
3454 2998 3605 3037 como

2099 3092 2118 3125 ι
2167 3086 2334 3127 mune
2369 3072 2581 3136 habet;
2643 3071 2790 3141 quod
2832 3071 3115 3141 proprium
3165 3072 3611 3143 uniuscujusque

1942 3153 1990 3214 ο
2097 3182 2116 3217 ι
2163 3163 2475 3219 institutum
2502 3177 2567 3218 ac
2591 3163 2936 3233 propositum
2962 3162 3019 3217 in
3050 3162 3400 3218 confessione
3422 3176 3611 3222 osten-

2097 3273 2117 3306 ι
2164 3255 2346 3308 datur.

2088 3344 2289 3404 BALS.
2325 3344 2556 3413 Quidam
2596 3343 2875 3407 dicebant,
2928 3360 3040 3400 non
3090 3346 3292 3402 debere
3339 3346 3607 3418 baptizari

2015 3437 2288 3508 gravidas,
2326 3452 2447 3507 quas
2504 3452 2569 3493 ex
2620 3436 2931 3493 infidelibus
2977 3439 3045 3494 ad
3103 3438 3404 3495 Ecclesiam
3451 3452 3608 3493 acce-

2015 3530 2175 3596 dunt,
2204 3529 2300 3585 sed
2324 3540 2647 3600 exspectare
2708 3529 2854 3585 fetus
2889 3531 2942 3585 in
3004 3531 3179 3587 lucem
3227 3530 3483 3601 exitum;
3538 3544 3608 3583 ne

2014 3621 2144 3677 dum
2173 3636 2235 3676 ea
2269 3619 2605 3689 baptizatur,
2644 3619 2899 3675 videatur
2930 3636 3153 3691 quoque
3186 3637 3293 3675 una
3339 3622 3608 3688 baptizari

2016 3712 2190 3775 fetus,
2231 3726 2395 3781 quem
2448 3712 2504 3765 in
2561 3719 2720 3767 utero
2768 3713 2933 3781 gerit,
2958 3720 3019 3768 ut
3052 3713 3144 3782 qui
3178 3715 3252 3768 sit
3298 3714 3348 3768 ei
3381 3712 3607 3767 omnino

2013 3804 2202 3858 unitus
2229 3819 2244 3856 :
2277 3817 2391 3871 quo
2419 3802 2477 3856 fit
2510 3808 2572 3856 ut
2601 3810 2894 3872 postquam
2946 3812 3115 3858 natus
3146 3803 3333 3868 fuerit,
3364 3803 3448 3856 vel
3492 3819 3604 3858 non

2014 3894 2327 3965 baptizatus
2376 3893 2739 3963 relinquetur,
2791 3894 2875 3948 vel
2926 3895 2973 3949 si
3038 3892 3376 3964 baptizetur,
3415 3910 3607 3950 rursus

2013 3986 2286 4056 baptizari
2319 3994 2625 4057 reputctur.
2670 3985 2862 4042 Patres
2918 3986 3128 4057 itaque,
3164 3988 3265 4041 hac
3314 3988 3605 4042 contradi-

2015 4080 2198 4133 ctione
2224 4093 2335 4131 non
2363 4077 2624 4143 admissa,
2685 4084 3022 4143 statuerunt,
3057 4085 3115 4132 ut
3153 4079 3273 4133 sine
3321 4078 3431 4132 ullo
3463 4091 3606 4147 prae-

2010 4173 2221 4243 judicio
2248 4171 2598 4241 baptizentur
2634 4177 2982 4239 praegnantes
3048 4169 3328 4237 mulieres,
3380 4168 3605 4237 quando

2015 4263 2322 4328 voluerint;
2355 4276 2419 4315 eo
2443 4261 2589 4330 quod
2620 4260 2758 4314 nihil
2790 4261 2986 4315 habeat
3012 4273 3307 4314 commune
3335 4274 3605 4328 puerpera

2018 4367 2144 4406 cum
2180 4350 2294 4406 fetu
2336 4352 2429 4420 qui
2466 4351 2699 4419 paritur,
2738 4349 2883 4418 quod
2912 4348 2975 4402 ad
3004 4348 3341 4418 baptismum
3378 4348 3601 4403 attinet.

2017 4443 2275 4510 Maxime,
2310 4443 2599 4514 inquiunt,
2629 4458 2755 4498 cum
2794 4442 2866 4498 sit
2916 4440 3220 4509 unicuique
3256 4456 3357 4496 sua
3401 4441 3457 4494 iu
3512 4441 3607 4495 ba-

2019 4535 2619 4606 ptismatenecessario
2640 4533 2937 4605 promissio
2981 4551 2995 4587 :
3051 4534 3195 4588 fetus
3242 4543 3449 4601 autem,
3508 4535 3600 4604 qui

2012 4629 2190 4685 estin
2221 4636 2401 4692 utero,
2435 4642 2561 4684 cum
2622 4628 2693 4683 sit
2745 4626 3039 4682 affectione
3107 4626 3439 4692 destitutus,
3490 4645 3601 4683 non

2008 4725 2190 4788 potest
2220 4732 2342 4786 qute
2370 4717 2423 4771 in
2453 4715 2783 4785 baptismate
2807 4704 3181 4785 'requiruntur
3221 4717 3599 4785 professiones

2009 4818 2065 4865 et
2094 4816 2220 4864 vota
2253 4809 2457 4864 facere.
2489 4807 2651 4879 407
2686 4808 2971 4875 Adjectum
3021 4814 3108 4862 est
3160 4817 3343 4861 autem
3397 4811 3599 4862 canoni

2009 4899 2165 4965 illud,
2197 4900 2429 4965 Quando
2452 4899 2648 4964 velint,
2687 4906 2910 4968 propter
2941 4912 3037 4954 eos
3069 4899 3162 4967 qui
3201 4898 3414 4965 dicunt,
3447 4910 3601 4954 ante-

2008 5010 2173 5066 quam
2200 4995 2345 5050 fetus
2367 4994 2638 5049 formetur
2678 4992 2733 5046 in
2762 4991 3037 5047 hominem
3085 5007 3249 5062 posse
3304 4991 3595 5046 mulierem

2011 5096 2385 5159 praegnantem
2433 5088 2554 5143 sine
2613 5084 2858 5155 periculo
2922 5084 3214 5155 baptizari,
3278 5099 3387 5139 non
3443 5092 3597 5138 recte

2006 5188 2189 5235 autem
2225 5178 2494 5247 baptizari
2529 5184 2721 5247 postea
2767 5194 2780 5231 :
2818 5175 3078 5246 quoniam
3115 5175 3190 5241 id,
3239 5174 3387 5245 quod
3432 5174 3600 5229 habe-

2006 5282 2095 5327 tur
2136 5271 2191 5325 in
2218 5282 2391 5336 utero,
2428 5270 2481 5324 in
2514 5285 2577 5324 ea
2602 5278 2685 5325 est
2708 5268 3131 5336 constitutione,
3171 5269 3224 5323 in
3262 5284 3373 5340 qua
3403 5268 3593 5323 infan-

2005 5373 2088 5421 tes
2111 5366 2274 5419 modo
2313 5364 2425 5419 nati
2459 5364 2551 5434 qui
2593 5362 2841 5431 polliceri
2913 5379 3020 5417 non
3071 5372 3344 5430 possunt;
3372 5370 3429 5416 et
3474 5362 3597 5418 ideo

2010 5454 2269 5510 dixerunt
2304 5451 2516 5515 Patres,
2536 5467 2662 5509 esse
2690 5453 2743 5506 in
2771 5453 3021 5507 mulieris
3056 5452 3295 5516 gravidae
3319 5460 3596 5522 potestate

2007 5545 2276 5616 baptizari
2304 5544 2524 5616 quando
2547 5545 2700 5601 velit.
2730 5544 3017 5610 Quomodo
3040 5544 3185 5599 enim
3236 5560 3298 5601 se
3350 5545 3593 5601 habeant

2006 5636 2173 5704 fetus,
2206 5652 2369 5693 nemo
2394 5645 2576 5709 potest
2613 5638 2955 5708 perquirere,
3008 5639 3091 5691 vel
3127 5651 3225 5693 eos
3274 5639 3584 5708 suscipere.

2007 5730 2253 5785 infantes
2284 5737 2466 5785 autem
2498 5743 2595 5800 per
2623 5738 2987 5798 susceptores
3015 5744 3146 5785 suos
3206 5729 3498 5793 afﬁrmant,
3529 5739 3582 5784 et

2008 5830 2133 5880 actu
2167 5822 2428 5897 baptizati
2452 5822 2636 5878 divina
2670 5821 3073 5878 illuminationc
3098 5820 3586 5893 digniccnsentur,
