4076 6390
556 352 691 418 1215
1833 352 2115 415 THEOD.
2158 351 2166 409 l

2244 346 2559 411 .LSAMON
2899 369 2911 383 ’
3705 347 3854 415 12ιὸ

559 465 766 519 ΔΙὶΙΒΤ
830 484 848 516 ι
893 465 1180 537 Presbyter
1207 466 1548 537 digamorum
1593 468 1798 537 nuptiis
1829 482 1939 521 non
1980 467 2141 521 debet

2249 466 2470 520 ΛΡΙΣΤ.
2506 484 2524 517 ι
2560 464 2673 534 Οὐχ
2702 466 2947 519 έστιᾶται
2980 464 3357 537 πρεσϐύτερος
3386 464 3477 517 ἐπὶ
3528 464 3810 535 διγάμουε
3838 482 3855 496 ’

636 576 655 608 ι
691 556 971 612 interesse.
1004 556 1140 613 Cum
1169 558 1423 628 digamus
1450 558 1596 614 enim
1639 561 1852 614 veniam
1877 558 2143 629 implora-

2321 577 2339 610 ι
2376 559 2584 612 ἐκείνου
2631 559 2740 629 γὰρ
2773 558 3104 628 συγγνώμης
3153 558 3437 627 δεομένου,
3496 558 3581 620 τίς
3629 560 3860 612 ἐκεῖνον

637 667 657 699 ι
693 649 849 714 verit,
876 650 1000 716 quis
1026 664 1150 704 eum
1186 652 1342 706 venia
1369 651 1726 721 dignabitur?
1766 670 1784 704 ι

1478 652 1726 706 uabitur?
1766 670 1784 704 ι
2325 668 2344 701 ι
2384 649 2609 713 ἀξιώσει
2638 649 3019 719 συγγνώμηςς
3070 668 3088 700 ι

633 741 905 797 Sacerdos
949 743 1043 811 qui
1073 742 1293 812 diganro
1330 743 1642 807 benedixit,
1687 760 1716 798 a
1760 759 1948 799 mensa
1982 744 2145 799 debet

2322 742 2383 795 '0
2434 744 2634 812 ἱερεὺς,
2666 743 2973 812 εὐλογήσας
3000 743 3093 795 τδν
3111 743 3367 813 δίγαμον,
3397 742 3499 811 τῆς
3558 744 3863 813 τραπέζης

562 832 813 886 recedere
842 840 896 886 et
938 846 1047 886 non
1092 846 1219 885 cum
1248 846 1314 886 eo
1346 831 1648 887 convivari.
1692 832 1750 886 Si
1788 832 1931 886 enim
1971 846 2144 901 pmnze

2248 827 2455 897 ὀφείλει
2502 830 2911 899 ὐπαναχωρεῖν,
2967 832 3063 883 καὶ
3091 830 3167 902 μὴ
3203 830 3633 900 συνεστιαθῆναι
3668 832 3858 896 αὐτῷ.

559 924 835 993 subjectus
874 923 1038 979 luerit
1064 924 1336 994 digamus,
1366 938 1615 995 quamam
1651 925 1977 995 presbytero
2012 940 2144 977 eon-

2251 922 2312 975 Εί
2341 925 2450 991 γὰρ
2490 922 2597 975 ὑπὸ
2630 923 2911 994 ἐπιτίμιόν
2937 924 3085 977 ἐστιν
3137 926 3166 978 ὁ
3209 923 3457 994 δίγαμος,
3522 924 3656 978 ποία
3691 926 3861 980 ἔσται

554 1009 780 1065 cedatur
819 1011 976 1066 venia
1014 1012 1131 1082 qui,
1174 1026 1241 1067 eo
1264 1012 1411 1081 quod
1436 1013 1764 1069 convivatus
1801 1021 1916 1079 est,
1957 1012 2148 1069 istius-

2253 1013 2324 1084 τῷ
2398 1012 2762 1085 πρεσϐυτέρῳ
2793 1013 3119 1087 συγγνώμη,
3150 1016 3228 1086 τῷ
3281 1016 3368 1070 διὰ
3406 1019 3713 1084 ἑστιάσεως
3735 1023 3863 1085 τοῖς

553 1104 702 1181 modi
730 1104 941 1174 nuptiis
973 1118 1261 1159 assensum
1300 1107 1526 1176 praebuit
1552 1106 1576 1159 2

2246 1104 2513 1169 τοιούτοις
2544 1105 3072 1179 συγκατατιθεμένῳ
3112 1107 3317 1179 γάμοις
3353 1126 3366 1177 ς

1143 1239 1374 1297 CANON
1418 1242 1557 1297 VIII.

2843 1240 3084 1295 ΚᾹΝΩΝ
3115 1241 3196 1295 Η’.

557 1372 579 1407 ι
622 1353 681 1409 Si
725 1354 966 1425 alicmus
1001 1372 1176 1423 uxor,
1228 1373 1353 1413 cum
1390 1367 1540 1413 esset
1571 1356 1783 1423 laicus,
1837 1356 2143 1413 adulterata

2253 1375 2272 1409 ι
2296 1355 2423 1410 Ἐὰν
2444 1354 2580 1423 γυνή
2600 1371 2747 1418 τινος
2763 1354 2844 1425 (ι)
2864 1355 3215 1425 μοιχευθεῖσα
3233 1356 3426 1411 λαῖκοῦ
3442 1357 3595 1421 ὄντος
3613 1359 3863 1433 ἐλεγχθῇ

632 1465 653 1499 ι
691 1448 866 1503 fuisse
906 1450 1065 1518 plane
1103 1451 1354 1505 convicta
1399 1452 1597 1513 l'tterit,
1632 1451 1681 1505 is
1713 1465 1820 1507 non
1866 1458 2050 1521 potest
2076 1450 2143 1505 ad

2323 1466 2342 1499 ι
2383 1448 2711 1525 φανερώτεὸ
2746 1445 2990 1510 τοιοῦτος
3042 1448 3126 1511 είς
3193 1448 3500 1519 ὑπηρεσίαν
3545 1450 3728 1503 ἐλθεῖν
3792 1455 3862 1505 οὐ

636 1559 654 1591 ι
693 1542 1059 1597 ministerium
1108 1543 1394 1598 accedere.
1445 1544 1540 1597 Sin
1583 1554 1766 1600 autem
1806 1544 1973 1599 etiattt
2018 1548 2145 1613 post

2323 1556 2343 1591 ι
2388 1538 2636 1592 δύνατατ.
2676 1536 2806 1590 Ἒὰν
2846 1537 2904 1591 δὲ
2931 1539 3029 1591 καὶ
3058 1539 3197 1609 μετὰ
3219 1539 3319 1608 τὴν
3348 1541 3692 1610 χειροτονίαν
3728 1561 3862 1613 μοι-

633 1651 652 1684 ι
693 1633 1101 1689 ordinationem
1137 1636 1445 1690 adulterata
1484 1635 1674 1702 fuerit,
1712 1636 1871 1691 debet
1902 1650 2022 1690 eam
2057 1634 2144 1689 di-

2321 1650 2341 1685 t
2384 1632 2576 1703 χευθῇ,
2612 1630 2818 1700 ὀφείλει
2860 1631 3129 1686 ἀπολῦσαι
3174 1632 3369 1703 αὐτήν.
3424 1633 3550 1687 Ἐάν
3592 1634 3651 1687 δὲ
3682 1636 3863 1706 συζῇ,

634 1744 654 1777 ι
694 1726 929 1783 mittere.
958 1726 1184 1791 Quodsi
1211 1727 1507 1791 cohabltet,
1535 1744 1641 1783 non
1667 1737 1845 1798 potest
1863 1727 1966 1783 sibi
1990 1741 2145 1782 com-

2321 1742 2343 1776 ι
2387 1724 2449 1777 οὐ
2476 1721 2701 1775 δύναται
2736 1723 2813 1794 (ἰν)
2840 1722 3061 1794 ἔχεσθαι
3082 1723 3183 1795 τῆς
3208 1724 3655 1796 ὲγχειρισθείσης
3691 1726 3862 1798 αὐτῷ

628 1836 649 1869 ι
689 1819 920 1873 missum
960 1819 1324 1873 ministerium
1353 1821 1601 1890 exsequi.
1648 1839 1667 1873 ι
2170 1817 2214 1873 Β

1059 1819 1324 1873 tisterium
1353 1821 1601 1890 exsequi.
1648 1839 1667 1873 ι
2170 1817 2214 1873 Β
2311 1831 2331 1865 ι
2366 1814 2669 1879 διακονίαςὲ

626 1908 826 1966 BALS.
873 1908 1123 1966 Didicisti
1162 1927 1227 1965 ex
1266 1911 1499 1968 diversis
1545 1913 1785 1983 legibus,
1828 1913 1995 1969 licere
2023 1913 2143 1968 sine

2312 1904 2510 1961 ΒΑΛΣ.
2600 1907 2848 1978 Ἐμαθες
2924 1906 3036 1962 ἀπὸ
3108 1909 3389 1979 διαφόρων
3465 1907 3721 1979 νομίμων
3772 1910 3864 1974 ὡς

554 2001 801 2071 periculo
842 2016 1070 2056 uxorem
1118 2002 1483 2057 adulteratam
1532 2004 1805 2074 recipere,
1836 2014 1891 2059 et
1934 2006 2142 2075 peccati

2254 1998 2422 2065 ἑξεστι
2448 2000 2526 2071 τῷ
2558 2001 2714 2071 ἀνδρὶ
2752 2002 3059 2066 ἀκινδύνως
3102 2002 3410 2071 λαμϐάνειν
3460 2004 3561 2072 τὴν
3622 2021 3864 2073 μοιχευ-

551 2093 769 2148 veniam
806 2092 962 2148 dare.
1014 2093 1078 2147 Et
1118 2093 1237 2165 lege
1268 2094 1471 2149 libru‘m
1513 2094 1682 2151 Basil.
1722 2112 1928 2161 xxvm,
1968 2098 2055 2151 tit.
2086 2097 2138 2159 7,

2252 2092 2431 2146 θεῖσαν
2457 2097 2695 2161 γυναῖκα
2727 2094 2918 2157 αὐτοῦ,
2942 2095 3040 2148 καὶ
3067 2093 3376 2164 συμπαθεῖν
3404 2096 3465 2147 τὸ
3506 2097 3862 2165 ἁμάρτημα.

554 2201 678 2256 cap.
708 2186 760 2249 1,
803 2186 896 2252 qui
928 2184 1103 2250 dicit,
1140 2187 1399 2240 maritum
1441 2202 1602 2256 posse
1643 2186 1785 2242 intra
1832 2188 2141 2255 biennium,

2249 2183 2406 2251 Ζήτει
2433 2186 2526 2237 καὶ
2559 2184 2766 2254 βιϐλίον
2788 2186 2864 2255 (5)
2885 2186 2994 2238 τῶν
3011 2186 3318 2241 Βασιλικῶν
3337 2185 3445 2259 κη’,
3468 2188 3577 2244 τίτ.
3611 2187 3682 2253 ξ’,
3714 2208 3859 2257 κεφ-

554 2279 677 2334 sine
706 2278 815 2331 ullo
843 2277 1109 2346 periculo,
1146 2264 1301 2332 suam
1336 2293 1561 2334 uxorem
1587 2292 1655 2334 ex
1687 2280 2028 2336 monasterio
2060 2297 2146 2336 re.

2252 2278 2293 2324 ι’
2325 2273 2506 2341 λέγον,
2528 2276 2680 2340 ἐντὸς
2709 2275 2917 2341 διετίας
2934 2276 3198 2332 δύνασθαι
3222 2279 3316 2332 τὸν
3334 2279 3508 2347 ἄνδρα
3534 2279 3791 2350 λαμϐάνε
3803 2298 3862 2334 ιν

551 2367 754 2436 cipere,
784 2384 905 2439 qua:
934 2376 992 2424 ut
1029 2369 1284 2436 adultera
1316 2372 1683 2427 condemnata
1712 2381 1875 2428 estet
1903 2373 2138 2429 inclusa:

2243 2365 2542 2431 ἀκινδύνως
2565 2370 2631 2423 ὲκ
2671 2368 2765 2422 τοῦ
2799 2370 3164 2440 μοναστηρίου
3194 2370 3295 2442 τὴν
3326 2372 3538 2425 οίκείαν
3568 2374 3853 2440 γυναῖκα,

553 2461 625 2516 ab
666 2476 736 2516 eo
780 2462 928 2516 enim
981 2472 1226 2532 tempore
1278 2464 1556 2519 tondetur.
1618 2465 1758 2519 Dicit
1801 2480 1933 2535 ergo
1978 2466 2141 2520 etiam

2245 2460 2737 2514 καταδικασθεῖσαν
2787 2460 2865 2525 ὡς
2905 2462 3193 2531 μοιχαλίδα
3250 2465 3346 2516 καὶ
3398 2463 3855 2529 ὲγκλεισθεῖσαν.

552 2569 751 2633 canon,
795 2555 962 2623 quod,
990 2556 1094 2610 etsi
1140 2556 1222 2609 vir
1255 2556 1359 2611 hoc
1402 2557 1585 2612 facere
1628 2565 1829 2626 potest,
1879 2548 2162 2612 nimirum

2247 2553 2475 2607 Ἕκτοτε
2494 2553 2601 2622 γάρ
2632 2569 2729 2605 κου
2741 2552 2979 2624 ρεύεται.
3008 2555 3146 2624 Φησὶ
3179 2557 3360 2608 τοίνυν
3385 2555 3412 2607 ὁ
3450 2555 3635 2609 κανὼν
3653 2555 3759 2621 ὡς,
3793 2558 3851 2611 εί

552 2646 768 2699 veniam
793 2646 1115 2699 adulteratze
1148 2648 1339 2702 uxoris
1368 2657 1596 2717 peccato
1623 2648 1778 2713 dare,
1832 2650 1926 2704 sed
1957 2659 2140 2705 tamen

2244 2645 2338 2698 καὶ
2365 2644 2588 2697 δύναται
2629 2648 2657 2698 ὁ
2691 2644 2831 2715 ἀνὴρ
2869 2644 3031 2698 τοῦτο
3059 2649 3257 2712 ποιεῖν,
3292 2648 3466 2717 ἠγουν
3517 2647 3579 2701 τὺ
3617 2664 3854 2718 συμπα-

551 2738 815 2806 quoniam
848 2751 976 2792 can.
1020 2740 1363 2807 apostolicus
1395 2739 1463 2794 l8
1508 2755 1616 2794 non
1662 2741 1949 2811 permittit,
1997 2750 2055 2796 ut
2088 2743 2141 2797 in

2245 2735 2358 2789 θεῖν
2387 2734 2461 2806 (4)
2494 2737 2555 2789 τὺ
2584 2736 2901 2808 ἁμάρτημα
2944 2738 3044 2805 τῆς
3079 2739 3469 2809 μοιχευθείσ-ης
3551 2744 3854 2809 γυναικὸς,

554 2829 954 2886 sacerdotalem
989 2829 1305 2900 catalogum
1347 2831 1732 2894 adscribatur,
1770 2833 1862 2902 qui
1907 2849 2139 2889 uxorem

2246 2826 2359 2879 ἀλλ’
2399 2828 2573 2879 ὲπεὶὸ
2621 2833 2689 2896 ιη’
2738 2827 3096 2889 ἀποστολικδς
3144 2828 3331 2884 κανὼν
3382 2831 3445 2883 οὐ
3506 2837 3856 2904 παραχωρεῖ

555 2918 965 2977 fornicatricem
1008 2921 1096 2977 vel
1152 2922 1438 2976 dimissam
1469 2922 1554 2975 vel
1593 2922 1870 2977 scenicam
1904 2924 2141 2993 duxerit,

2247 2919 2511 2990 ἱερατικῴ
2580 2919 2869 2990 καταλόγῳ
2915 2920 3397 2992 συναριθμηθῆναι
3459 2923 3552 2976 τὸν
3605 2924 3857 2978 λαϐόντα

553 3031 623 3069 ne
670 3016 762 3071 hic
809 3016 1029 3085 quidem
1083 3015 1149 3069 ad
1199 3030 1422 3071 sacrum
1476 3015 1725 3071 ordinem
1782 3017 2139 3084 provehetur.

2246 3011 2482 3077 γυναῖκα
2512 3010 2768 3082 πόρνηνῆ
2795 3010 3209 3082 ἐκϐεϐλημένην
3254 3012 3287 3082 ἢ
3366 3014 3659 3084 σκηνικὴν,
3720 3016 3856 3069 οὐδὲ

568 3110 747 3175 Atque
789 3108 841 3161 id
869 3108 1091 3177 quidem
1125 3107 1201 3161 ita
1258 3123 1319 3163 se
1353 3108 1537 3174 habet,
1571 3108 1616 3163 si
1664 3108 1788 3163 laici
1822 3124 1958 3164 uxor
1985 3110 2143 3164 adul-

2249 3093 2402 3165 οὗτος
2443 3103 2524 3165 είς
2557 3102 2767 3173 βαθμὸν
2798 3104 3077 3174 ἱερατικὸν
3126 3104 3519 3177 ἀναχθήσεται.
3547 3107 3662 3160 Καὶ
3683 3108 3859 3161 τοῦτο

554 3174 727 3256 terata
783 3174 992 3257 fuerit:
1056 3202 1143 3257 sin
1188 3211 1371 3256 autem
1421 3201 1545 3271 ejus
1592 3202 1685 3272 qui
1733 3212 1818 3258 est
1865 3213 2139 3270 sacratus,

2250 3194 2373 3265 μὲν,
2413 3196 2511 3249 ἐὰν
2555 3195 2746 3249 λαῖκοῦ
2775 3213 2922 3260 τινος
2961 3197 3099 3268 γυνὴ
3148 3174 3408 3269 μοιχευθῇ
3437 3215 3451 3228 ·
3505 3200 3604 3253 ἐὰν
3642 3200 3701 3253 δὲ
3774 3205 3860 3255 ἰε-

554 3292 673 3359 ipsc
712 3291 932 3361 quidem
958 3332 973 3357 ,
1008 3301 1069 3345 ut
1103 3290 1196 3360 qui
1233 3290 1369 3344 nihil
1404 3290 1719 3361 deliquerit,
1754 3289 1799 3345 si
1840 3291 2038 3345 exinde
2074 3291 2144 3345 ab

2249 3288 2507 3359 ρομένου,
2551 3289 2717 3353 αὐτὸς
2746 3290 2846 3360 μὲν
2874 3290 2950 3354 ὡς
2985 3290 3155 3361 μηδέν
3182 3307 3235 3343 τι
3267 3291 3529 3355 πταίσας,
3585 3293 3685 3345 ἐὰν
3723 3295 3857 3349 δια-

553 3398 618 3436 ea
659 3391 979 3451 separetur,
1005 3383 1110 3456 erit
1154 3382 1208 3435 in
1246 3381 1466 3452 praprio
1510 3380 1707 3451 gradu.
1742 3380 1837 3435 Sin
1871 3395 2000 3435 vero
2041 3379 2146 3434 ltoc

2249 3382 2388 3454 ζυγῇ
2414 3383 2588 3451 αὐτῆς
2628 3382 2983 3448 ἀπεντεῠθεν,
3044 3382 3198 3437 ἔσται
3245 3384 3323 3446 είς
3353 3383 3447 3438 τὸν
3499 3386 3711 3440 οἰκεῖον
3748 3387 3854 3457 βα-

557 3474 742 3527 facere
783 3473 1048 3537 noluerit,
1109 3472 1204 3528 sed
1237 3488 1344 3527 una
1383 3488 1508 3526 cum
1548 3472 1795 3527 adultera
1837 3473 2142 3537 coliabitat.

2250 3474 2406 3544 θμόν.
2439 3475 2501 3528 Ei
2531 3474 2584 3527 δὲ
2614 3474 2675 3527 οὐ
2708 3474 2927 3545 θελήσει
2985 3473 3147 3528 τοῦτο
3213 3478 3463 3546 ποιῆσαι,
3524 3477 3665 3532 ἀλλὰ
3721 3497 3859 3533 συν-

559 3570 888 3639 deponetur,
929 3576 989 3621 ut
1031 3566 1127 3637 qui
1172 3568 1245 3621 sit
1279 3566 1680 3637 inquinamenti
1724 3566 2038 3635 particeps;
2079 3581 2145 3621 eo

2250 3566 2428 3634 διάγει
2484 3566 2626 3636 μετὰ
2682 3565 2782 3634 τῆς
2836 3566 3167 3637 μοιχαλίδος,
3242 3569 3742 3638 καθαιρεθήσεται,
3780 3570 3860 3635 ὡς

557 3662 703 3732 quod
749 3675 875 3716 cum
924 3660 1173 3715 adultera
1223 3676 1337 3716 rem
1393 3659 1674 3713 habuerit.
1721 3656 2147 3729 Interrogaverit

2253 3660 2666 3732 μετασχὼντοῦ
2707 3661 3022 3729 μιάσματος
3042 3660 3131 3713 διὰ
3182 3660 3243 3713 τὸ
3308 3660 3733 3730 συμμίγνυσθαι
3788 3667 3857 3733 τῇ

558 3764 742 3810 autem
774 3753 1071 3826 quispiam,
1099 3754 1213 3810 Cur
1239 3768 1362 3810 cum
1392 3752 1587 3807 Patres
1612 3750 1679 3805 de
1712 3752 1960 3807 mulieris
1988 3753 2147 3809 adul-

2252 3753 2628 3825 μοιχευθείσῃ.
2676 3752 2985 3822 Ἐρωτήσει
3016 3751 3073 3804 δέ
3102 3768 3208 3816 τις,
3237 3750 3338 3804 Διὰ
3356 3751 3409 3805 τί
3439 3751 3694 3817 είπόντες
3719 3754 3860 3824 περὶ

559 3847 704 3902 terio
737 3846 1046 3910 dixissent,
1091 3860 1203 3899 non
1246 3845 1386 3900 satis
1428 3843 1778 3906 habuerunt,
1823 3843 1929 3899 nisi
1977 3847 2142 3899 etiam

2252 3845 2503 3915 μοιχείας
2537 3844 2802 3911 γυναικὸς
2865 3845 2914 3898 οἱ
3000 3843 3243 3915 Πατέρες
3312 3843 3413 3897 οὐκ
3465 3842 3858 3914 ἠρκέσθησαν,

559 3939 827 3996 adderent
857 3938 1186 3993 adulterium
1217 3936 1390 3991 fuisse
1432 3944 1618 4004 aperte
1657 3934 2011 3990 convictum?
2041 3934 2146 3990 So-

2248 3937 2386 3992 ἀλλὰ
2415 3937 2750 4008 προσέθεντο
2775 3937 2876 4007 τὴν
2899 3935 3149 4007 μοιχείαν
3181 3935 3439 4006 φανερῶς
3470 3934 3811 4005 ἐλεγχθῆναι
3839 3954 3857 4003 ;

557 4031 713 4085 Iulio.
766 4032 1004 4085 Diversae
1050 4030 1198 4100 leges
1236 4027 1437 4096 jubent
1490 4024 1779 4080 mulierem
1831 4042 1941 4081 non
1984 4027 2147 4082 aliter

2249 4032 2461 4097 Λύσις.
2490 4031 2748 4098 Διάφοροι
2789 4030 2946 4099 νόμοι
2999 4026 3475 4096 παρακελεύονται
3517 4027 3592 4096 μὴ
3660 4027 3853 4091 ἄλλως

557 4120 916 4177 condemnari
951 4129 1007 4175 ut
1043 4119 1386 4184 adulteram,
1425 4133 1590 4187 quam
1626 4133 1724 4188 per
1757 4128 1979 4189 apertas
2017 4134 2146 4189 pro-

2248 4122 2349 4193 τὴν
2385 4124 2629 4193 γυναῖκα
2660 4121 2735 4184 ὡς
2764 4118 3152 4191 μοιχευθεῖσαν
3182 4118 3641 4187 κατακρίνεσθαι,
3677 4120 3727 4171 εί
3765 4123 3849 4193 μὴ

556 4216 831 4279 bationes,
869 4213 921 4265 id
952 4221 1057 4276 est,
1093 4225 1192 4281 per
1221 4211 1469 4280 quinque
1498 4219 1663 4267 testes
1688 4210 1943 4280 iurantes
1972 4226 2032 4267 se
2060 4214 2147 4269 vi-

2251 4216 2338 4271 διὰ
2361 4214 2611 4287 φανερῶν
2640 4212 3000 4278 ἀποδείξεων,
3026 4211 3174 4265 τοῦτ’
3198 4211 3315 4265 ἐστι
3344 4210 3434 4266 διὰ
3478 4211 3647 4265 ’πέντε
3702 4229 3861 4281 μαρ-

557 4307 710 4363 disse
736 4308 790 4361 iu
822 4306 944 4375 ipso
971 4314 1099 4357 actu
1130 4303 1247 4357 lleri
1276 4301 1632 4357 adulterium.
1666 4301 1779 4357 IIac
1807 4304 2019 4360 ratione
2044 4320 2147 4361 nec

2250 4308 2431 4378 τύρων
2463 4306 2778 4377 ὀμνυόντων
2823 4306 2952 4359 ἰδεῖν
2984 4306 3070 4357 ἐπ’
3104 4303 3413 4375 αὐτοφώρῳ
3438 4303 3540 4373 τὴν
3588 4306 3860 4373 μοιχείαν

556 4414 748 4456 omnes
792 4403 1024 4468 possunt
1070 4396 1282 4450 crimen
1335 4394 1592 4449 adulterii
1654 4394 1943 4450 intendere
1982 4413 1996 4450 :
2050 4397 2144 4453 sed

2251 4401 2610 4472 τελουμένην.
2646 4399 2804 4453 Κατὰ
2836 4397 2996 4451 τοῦτο
3023 4395 3134 4468 γὰρ
3169 4396 3291 4449 οὐδὲ
3323 4396 3530 4459 πάντες
3579 4396 3856 4452 δύνανται

557 4492 801 4562 quinque
862 4488 1037 4545 solum
1084 4503 1357 4557 personae,
1427 4488 1681 4553 maritus,
1732 4498 1911 4557 pater,
1953 4490 2141 4557 frater,

2253 4495 2427 4547 κινεῖν
2456 4491 2518 4546 τδ
2556 4490 2804 4560 μοιχικὸν
2840 4488 3122 4558 ἔγκλημα,
3152 4486 3295 4540 ἀλλὰ
3324 4486 3599 4556 πρόσωπα
3646 4487 3853 4550 πέντε.

557 4593 809 4656 patruus,
830 4580 1158 4637 avunculus.
1183 4580 1287 4635 Sed
1308 4594 1409 4635 nec
1443 4581 1558 4649 ipsa
1586 4582 1805 4646 mulier,
1834 4598 1893 4639 se
1920 4585 2138 4641 adulte-

2250 4572 2413 4657 ἀνὴρ,
2455 4584 2662 4654 πατὴρ,
2698 4581 2952 4651 ἀδελφὸς,
2989 4581 3134 4643 θεῖος
3167 4579 3303 4651 πρὸς
3332 4578 3563 4647 πατρὸς,
3582 4579 3681 4632 καὶ
3699 4578 3858 4644 θεῖος

556 4675 702 4729 rium
762 4671 1109 4728 cammisisse
1158 4670 1449 4735 confessa,
1507 4671 1941 4742 condemnatur,
1991 4679 2141 4747 quod

2251 4679 2388 4750 πρὸς
2409 4676 2637 4747 μητρός.
2671 4673 2808 4728 Οὐδὲ
2837 4672 2978 4745 αὐτὴ
3027 4672 3062 4741 ἡ
3109 4672 3249 4742 γυνὴ
3316 4669 3662 4740 ὁμολογοῦσα
3717 4689 3858 4739 μοι-

555 4769 723 4822 etiam
764 4774 849 4821 est
893 4780 1122 4820 novum.
1172 4762 1511 4832 Adjecerunt
1550 4779 1682 4836 ergo
1735 4765 1966 4833 Patres,
2018 4786 2138 4825 eam

2251 4772 2446 4842 χεῦσαι
2478 4767 2927 4828 καταδικάζεται,
2966 4764 3244 4833 ὅπερέστὶ
3286 4764 3383 4816 καὶ
3415 4762 3625 4815 καινόν.
3671 4764 3861 4831 Προσ-

554 4858 808 4914 damnari
840 4866 897 4912 ut
930 4856 1258 4917 adulteram,
1288 4871 1410 4927 qua:
1440 4868 1522 4913 est
1553 4859 1761 4930 apertis
1794 4860 2139 4931 probationi-

2250 4862 2437 4916 έθεντο
2460 4855 2554 4913 οὖν
2609 4858 2659 4910 oi
2712 4856 2957 4926 Πατέρες
2987 4855 3062 4919 ὡς
3095 4854 3381 4927 μοιχαλίδα
3410 4852 3632 4925 ἐκείνην
3667 4870 3859 4907 καταο

1780 4978 1972 5043 Guill.
2008 4979 2340 5057 Beveregii
2381 4985 2579 5041 notat.

626 5101 706 5177 (ί)
748 5101 890 5157 Ἐὰν
920 5102 1075 5177 γυμνή
1101 5121 1322 5177 τινος,
1388 5105 1630 5177 Joannes
1666 5106 2046 5177 Antiochenus
2078 5106 2133 5158 in
2235 5127 2236 5149 λ

2239 5103 2459 5172 ἔχεσθαι
2512 5101 2612 5172 τῆς
2665 5098 3114 5177 ἐγχειρισθείσης
3147 5096 3297 5166 αὐτῷ
3332 5094 3664 5177 ὐπηρεσίας,
3716 5096 3849 5177 {Van

553 5167 939 5247 polleet._can:
1226 5167 1352 5247 legit
1375 5215 1390 5239 ,
1426 5176 1568 5247 Γυνή
1599 5193 1747 5247 τινος
1782 5176 2136 5247 μοιχευθεῖσα

2239 5167 2406 5241 potest
2470 5167 2855 5247 propter—(imit
2908 5167 3251 5247 commissum
3306 5167 3410 5221 sibi
3471 5167 3849 5221 ministerium

553 5238 743 5315 λαῖκοιῖ
769 5244 945 5303 ὄντος.
990 5246 1084 5298 ἐὰν
1109 5238 1343 5315 ἐλεγχθῇ
1379 5238 1655 5314 φανερῶς.
1681 5238 1965 5315 ὃὶιξόιὶἦηι
2005 5246 2136 5315 legit

1541 5238 1655 5309 illic.
1681 5238 1965 5315 Sic'cti'a'm
2005 5246 2136 5315 legit
2233 5238 2730 5315 exsequi.1Collect.
2766 5256 2892 5315 can.
2919 5242 3017 5315 tit.

558 5312 850 5390 Dionysius
887 5315 1163 5390 Exiguus;
1201 5307 1366 5390 ie'rt'it
1392 5307 1589 5390 'enim,
1620 5307 1827 5369 VMulier
1855 5307 2136 5390 cujusdrirn

2309 5307 2387 5384 (5)
2413 5312 2591 5390 riter
2626 5313 2730 5390 καὶ·
2752 5311 3020 5390 βιϐλίον.
3052 5307 3176 5363 Ιίιοο
3203 5307 3473 5390 usquead
3505 5308 3853 5390 ἔκτοτεγάρ

556 5379 863 5438 adulteram
892 5379 1016 5438 laici
1041 5379 1338 5451 constituti,
1373 5387 1419 5439 si
1449 5387 1716 5439 evidenter
1748 5379 2034 5451 arguatur.
2071 5386 2134 5438 Et
2237 5379 2569 5454 κούρεύεται
2625 5383 2916 5444 inclusive,
2973 5394 3177 5454 ex_tus.
3214 5379 3511 5454 Dodlgiano
3532 5379 3855 5454 suppleviL

550 5462 712 5510 vetus
761 5456 1053 5521 interpres,
1114 5447 1599 5525 Mulier'cujusque
1649 5447 1953 5509 adulterata
1998 5456 2135 5508 laico
2244 5447 2387 5525 mus.
2446 5453 2676 5525 Exstant
2729 5463 2914 5505 autem
2950 5448 3299 5525 In_'I'i_liano__:
3333 5448 3479 5525 Nam
3523 5447 3856 5525 Gentiunus

554 5526 865 5587 ronstitulo,
892 5519 936 5579 si
965 5527 1237 5580 doceatur.
1274 5526 1367 5580 Sic
1396 5519 1559 5579 etiain
1622 5526 1817 5594 legitur
1863 5526 1917 5580 in
1970 5525 2135 5579 Pari-
2247 5524 2519 5578 Hervetus
2550 5523 2743 5577 Latine
2784 5537 2844 5577 ea
2879 5522 3065 5575 vertit.
3099 5521 3156 5575 In
3201 5520 3326 5575 aliis
3357 5519 3649 5574 codicibus
3687 5520 3854 5575 desi-

554 5595 729 5649 sicnsi
786 5596 1134 5651 Balsamnnis
1183 5596 1470 5650 editione:
1505 5595 1603 5650 sed
1658 5596 1826 5651 codex
1865 5597 2136 5651 Amerba-
2244 5594 2531 5649 derantur.

554 5666 946 5738 cluianuscum
990 5663 1228 5738 Tiliano
1256 5676 1457 5721 nostra:
1490 5665 1712 5738 lectioni
1744 5667 2132 5738 adstipulatur.

2248 5736 2258 5738 _
2283 5665 2392 5738 χιι)
2425 5666 2656 5738 Ἧγουν
2678 5659 3141 5738 τῤ-ᾳυιιπαθεῒν.
3164 5658 3316 5738 llauc
3344 5661 3511 5713 etiam
3535 5660 3850 5738 pericopcn

631 5736 711 5799 (τὶ)
747 5737 830 5788 Οὐ
863 5734 1135 5788 δύναται.
1175 5736 1266 5791 Sic
1296 5752 1485 5790 omnes
1541 5737 1759 5791 codices
1813 5731 1984 5800 ms's.;
2039 5736 2137 5790 scd

2244 5731 2582 5804 ἐξηγητικήν
2641 5733 2815 5788 codici
2877 5732 3174 5789 Bodleiano
3230 5731 3496 5787 debemus
3529 5746 3542 5781 :
3581 5731 3637 5784 iu
3684 5732 3850 5785 nullo

560 5801 799 5859 Joanne.-
858 5804 1235 5862 Antiocltenus
1270 5806 1432 5877 legit,
1465 5806 1539 5862 Οὐ
1594 5807 1663 5862 δι’
1712 5806 1883 5878 αὐτὴν
1909 5808 2137 5862 δύναται

1181 5821 1235 5862 us
1270 5806 1432 5877 legit,
1465 5806 1539 5862 Οὐ
1594 5807 1663 5862 δι’
1712 5806 1883 5878 αὐτὴν
1909 5808 2137 5862 δύναται
2245 5801 2791 5877 οηῐιὶιάὶίοινείιυτ.
