  <div class='ocr_page' id='page_1' title='image "/cluster/home/n/w/nwhite01/storage/ocr_20150623/137:no.1/coo.31924054870427/614.png"; bbox 0 0 4076 6432; ppageno 0'>
   <div class='ocr_carea' id='block_1_1' title="bbox 251 330 382 393">
    <p class='ocr_par' dir='ltr' id='par_1_1' title="bbox 251 330 382 393">
     <span class='ocr_line' id='line_1_1' title="bbox 251 330 382 393; baseline -0.015 -1"><span class='ocrx_word' id='word_1_1' title='bbox 251 330 382 393; x_wconf 73' lang='lat'><strong>1217</strong></span> 
     </span>
    </p>
   </div>
   <div class='ocr_carea' id='block_1_2' title="bbox 1311 318 2448 396">
    <p class='ocr_par' dir='ltr' id='par_1_2' title="bbox 1311 318 2448 396">
     <span class='ocr_line' id='line_1_2' title="bbox 1311 318 2448 396; baseline 0.006 -7"><span class='ocrx_word' id='word_1_2' title='bbox 1311 330 1393 390; x_wconf 87' lang='lat' dir='ltr'><strong>IN</strong></span> <span class='ocrx_word' id='word_1_3' title='bbox 1427 328 1590 389; x_wconf 76' lang='lat' dir='ltr'><strong>CAN.</strong></span> <span class='ocrx_word' id='word_1_4' title='bbox 1634 329 1715 389; x_wconf 82' lang='lat' dir='ltr'><strong>I-X</strong></span> <span class='ocrx_word' id='word_1_5' title='bbox 1758 330 1969 390; x_wconf 80' lang='lat' dir='ltr'><strong>CUNC.</strong></span> <span class='ocrx_word' id='word_1_6' title='bbox 2012 318 2448 396; x_wconf 55' lang='lat' dir='ltr'><strong>NEOC/ESAR;</strong></span> 
     </span>
    </p>
   </div>
   <div class='ocr_carea' id='block_1_3' title="bbox 3378 334 3520 401">
    <p class='ocr_par' dir='ltr' id='par_1_3' title="bbox 3378 334 3520 401">
     <span class='ocr_line' id='line_1_3' title="bbox 3378 334 3520 401; baseline -0.007 0"><span class='ocrx_word' id='word_1_7' title='bbox 3378 334 3520 401; x_wconf 77' lang='lat'><strong>1218</strong></span> 
     </span>
    </p>
   </div>
   <div class='ocr_carea' id='block_1_4' title="bbox 246 442 1845 520">
    <p class='ocr_par' dir='ltr' id='par_1_4' title="bbox 246 442 1836 517">
     <span class='ocr_line' id='line_1_4' title="bbox 246 442 1836 517; baseline 0.001 -21"><span class='ocrx_word' id='word_1_8' title='bbox 246 444 585 508; x_wconf 75' lang='grc' dir='ltr'>δικάζεσθαι,</span> <span class='ocrx_word' id='word_1_9' title='bbox 653 461 750 516; x_wconf 84' lang='grc' dir='ltr'><strong>την</strong></span> <span class='ocrx_word' id='word_1_10' title='bbox 792 442 1146 514; x_wconf 79' lang='grc' dir='ltr'>ὲλεγχθεῖσαν</span> <span class='ocrx_word' id='word_1_11' title='bbox 1229 445 1321 499; x_wconf 74' lang='grc' dir='ltr'>διὰ</span> <span class='ocrx_word' id='word_1_12' title='bbox 1383 446 1637 517; x_wconf 84' lang='grc' dir='ltr'><strong>φανερῶν</strong></span> <span class='ocrx_word' id='word_1_13' title='bbox 1701 446 1836 498; x_wconf 81' lang='grc' dir='ltr'>ἀπο-</span> 
     </span>
    </p>
   </div>
   <div class='ocr_carea' id='block_1_5' title="bbox 1949 442 3525 520">
    <p class='ocr_par' dir='ltr' id='par_1_5' title="bbox 1949 444 3525 520">
     <span class='ocr_line' id='line_1_5' title="bbox 1949 444 3525 520; baseline 0.004 -22"><span class='ocrx_word' id='word_1_14' title='bbox 1949 444 2046 499; x_wconf 89' lang='lat' dir='ltr'><strong>bus</strong></span> <span class='ocrx_word' id='word_1_15' title='bbox 2076 447 2353 511; x_wconf 86' lang='lat' dir='ltr'><strong>convicta,</strong></span> <span class='ocrx_word' id='word_1_16' title='bbox 2391 455 2447 500; x_wconf 88' lang='lat' dir='ltr'><strong>ut</strong></span> <span class='ocrx_word' id='word_1_17' title='bbox 2483 445 2691 500; x_wconf 88' lang='lat' dir='ltr'><strong>dictum</strong></span> <span class='ocrx_word' id='word_1_18' title='bbox 2728 454 2845 512; x_wconf 86' lang='lat' dir='ltr'><strong>est;</strong></span> <span class='ocrx_word' id='word_1_19' title='bbox 2882 460 2987 501; x_wconf 86' lang='lat' dir='ltr'><strong>non</strong></span> <span class='ocrx_word' id='word_1_20' title='bbox 3021 454 3202 503; x_wconf 89' lang='lat' dir='ltr'><strong>autem</strong></span> <span class='ocrx_word' id='word_1_21' title='bbox 3230 462 3375 515; x_wconf 88' lang='lat' dir='ltr'><strong>eam,</strong></span> <span class='ocrx_word' id='word_1_22' title='bbox 3406 466 3525 520; x_wconf 70' lang='lat' dir='ltr'><strong>qum</strong></span> 
     </span>
    </p>
   </div>
   <div class='ocr_carea' id='block_1_6' title="bbox 246 534 1840 607">
    <p class='ocr_par' dir='ltr' id='par_1_6' title="bbox 246 534 1840 607">
     <span class='ocr_line' id='line_1_6' title="bbox 246 534 1840 607; baseline -0.001 -18"><span class='ocrx_word' id='word_1_23' title='bbox 246 537 491 600; x_wconf 81' lang='grc' dir='ltr'><strong>δείξεων,</strong></span> <span class='ocrx_word' id='word_1_24' title='bbox 523 537 597 601; x_wconf 84' lang='grc' dir='ltr'>ὡς</span> <span class='ocrx_word' id='word_1_25' title='bbox 627 536 867 607; x_wconf 81' lang='grc' dir='ltr'>εἴρηται,</span> <span class='ocrx_word' id='word_1_26' title='bbox 895 538 957 590; x_wconf 84' lang='grc' dir='ltr'><strong>οὐ</strong></span> <span class='ocrx_word' id='word_1_27' title='bbox 988 536 1099 607; x_wconf 84' lang='grc' dir='ltr'><strong>μὴν</strong></span> <span class='ocrx_word' id='word_1_28' title='bbox 1144 538 1245 607; x_wconf 82' lang='grc' dir='ltr'><strong>τὴν</strong></span> <span class='ocrx_word' id='word_1_29' title='bbox 1272 534 1840 591; x_wconf 79' lang='grc' dir='ltr'>ὑποπτευθεῖσανὰπδ</span> 
     </span>
    </p>
   </div>
   <div class='ocr_carea' id='block_1_7' title="bbox 244 628 1839 702">
    <p class='ocr_par' dir='ltr' id='par_1_7' title="bbox 244 628 1839 702">
     <span class='ocr_line' id='line_1_7' title="bbox 244 628 1839 702; baseline -0.001 -21"><span class='ocrx_word' id='word_1_30' title='bbox 244 630 470 699; x_wconf 75' lang='grc' dir='ltr'><strong>ὁμιλίας</strong></span> <span class='ocrx_word' id='word_1_31' title='bbox 502 630 533 699; x_wconf 82' lang='grc' dir='ltr'>ἢ</span> <span class='ocrx_word' id='word_1_32' title='bbox 566 632 956 700; x_wconf 77' lang='grc' dir='ltr'><strong>συνοικήσεως,</strong></span> <span class='ocrx_word' id='word_1_33' title='bbox 1024 631 1057 700; x_wconf 83' lang='grc' dir='ltr'>ἢ</span> <span class='ocrx_word' id='word_1_34' title='bbox 1093 630 1260 702; x_wconf 76' lang='grc' dir='ltr'>ἄλλης</span> <span class='ocrx_word' id='word_1_35' title='bbox 1320 631 1466 692; x_wconf 86' lang='grc' dir='ltr'>τινὸς</span> <span class='ocrx_word' id='word_1_36' title='bbox 1500 630 1703 692; x_wconf 77' lang='grc' dir='ltr'><strong>αἰτίας.</strong></span> <span class='ocrx_word' id='word_1_37' title='bbox 1772 628 1839 680; x_wconf 77' lang='grc' dir='ltr'>Τί</span> 
     </span>
    </p>
   </div>
   <div class='ocr_carea' id='block_1_8' title="bbox 244 722 1839 794">
    <p class='ocr_par' dir='ltr' id='par_1_8' title="bbox 244 722 1839 794">
     <span class='ocr_line' id='line_1_8' title="bbox 244 722 1839 794; baseline -0.001 -18"><span class='ocrx_word' id='word_1_38' title='bbox 244 724 329 786; x_wconf 80' lang='grc' dir='ltr'>δὲ,</span> <span class='ocrx_word' id='word_1_39' title='bbox 364 723 459 775; x_wconf 76' lang='grc' dir='ltr'>ἐὰν</span> <span class='ocrx_word' id='word_1_40' title='bbox 490 725 518 776; x_wconf 99' lang='lat'><strong>6</strong></span> <span class='ocrx_word' id='word_1_41' title='bbox 544 722 754 787; x_wconf 82' lang='grc' dir='ltr'>λαῖκὸς,</span> <span class='ocrx_word' id='word_1_42' title='bbox 787 723 925 792; x_wconf 87' lang='grc' dir='ltr'>μετά</span> <span class='ocrx_word' id='word_1_43' title='bbox 955 722 1016 776; x_wconf 90' lang='grc' dir='ltr'><strong>τὸ</strong></span> <span class='ocrx_word' id='word_1_44' title='bbox 1077 722 1436 794; x_wconf 82' lang='grc' dir='ltr'>μοιχευθῆναι</span> <span class='ocrx_word' id='word_1_45' title='bbox 1471 722 1569 794; x_wconf 84' lang='grc' dir='ltr'><strong>τὴν</strong></span> <span class='ocrx_word' id='word_1_46' title='bbox 1605 724 1839 791; x_wconf 77' lang='grc' dir='ltr'>γυναῖκα</span> 
     </span>
    </p>
   </div>
   <div class='ocr_carea' id='block_1_9' title="bbox 244 815 1836 888">
    <p class='ocr_par' dir='ltr' id='par_1_9' title="bbox 244 815 1836 888">
     <span class='ocr_line' id='line_1_9' title="bbox 244 815 1836 888; baseline -0.003 -19"><span class='ocrx_word' id='word_1_47' title='bbox 244 816 464 880; x_wconf 86' lang='grc' dir='ltr'>τούτου,</span> <span class='ocrx_word' id='word_1_48' title='bbox 521 816 769 888; x_wconf 80' lang='grc' dir='ltr'><strong>ἀπολύσῃ</strong></span> <span class='ocrx_word' id='word_1_49' title='bbox 833 816 1026 887; x_wconf 81' lang='grc' dir='ltr'>αὐτὴν,</span> <span class='ocrx_word' id='word_1_50' title='bbox 1084 815 1696 886; x_wconf 78' lang='grc' dir='ltr'>προαναδιϐασθήσεται</span> <span class='ocrx_word' id='word_1_51' title='bbox 1759 816 1836 876; x_wconf 84' lang='grc' dir='ltr'>είς,</span> 
     </span>
    </p>
   </div>
   <div class='ocr_carea' id='block_1_10' title="bbox 250 902 1841 977">
    <p class='ocr_par' dir='ltr' id='par_1_10' title="bbox 250 902 1841 977">
     <span class='ocr_line' id='line_1_10' title="bbox 250 902 1841 977; baseline -0.004 -17"><span class='ocrx_word' id='word_1_52' title='bbox 250 906 485 977; x_wconf 84' lang='grc' dir='ltr'>βαθμὸν,</span> <span class='ocrx_word' id='word_1_53' title='bbox 526 906 718 977; x_wconf 80' lang='grc' dir='ltr'>ὥσπερ</span> <span class='ocrx_word' id='word_1_54' title='bbox 738 907 798 958; x_wconf 83' lang='grc' dir='ltr'><strong>ού</strong></span> <span class='ocrx_word' id='word_1_55' title='bbox 848 905 1199 976; x_wconf 86' lang='grc' dir='ltr'>καθαιρεῖτσι</span> <span class='ocrx_word' id='word_1_56' title='bbox 1230 906 1258 957; x_wconf 91' lang='lat'><strong>6</strong></span> <span class='ocrx_word' id='word_1_57' title='bbox 1288 902 1606 974; x_wconf 82' lang='grc' dir='ltr'>ίερωμένος,</span> <span class='ocrx_word' id='word_1_58' title='bbox 1642 904 1669 955; x_wconf 90' lang='lat'><strong>6</strong></span> <span class='ocrx_word' id='word_1_59' title='bbox 1699 902 1841 953; x_wconf 84' lang='grc' dir='ltr'>ἀπο-</span> 
     </span>
    </p>
   </div>
   <div class='ocr_carea' id='block_1_11' title="bbox 245 993 1837 1069">
    <p class='ocr_par' dir='ltr' id='par_1_11' title="bbox 245 993 1837 1069">
     <span class='ocr_line' id='line_1_11' title="bbox 245 993 1837 1069; baseline -0.003 -19"><span class='ocrx_word' id='word_1_60' title='bbox 245 999 421 1063; x_wconf 88' lang='grc' dir='ltr'>λύσας</span> <span class='ocrx_word' id='word_1_61' title='bbox 478 1002 577 1069; x_wconf 84' lang='grc' dir='ltr'>τὴν</span> <span class='ocrx_word' id='word_1_62' title='bbox 640 997 1023 1068; x_wconf 80' lang='grc' dir='ltr'><strong>μοιχευθεῖσαν</strong></span> <span class='ocrx_word' id='word_1_63' title='bbox 1079 998 1315 1064; x_wconf 91' lang='grc' dir='ltr'>γυναῖκα</span> <span class='ocrx_word' id='word_1_64' title='bbox 1363 993 1564 1057; x_wconf 72' lang='grc' dir='ltr'>αὐτούς</span> <span class='ocrx_word' id='word_1_65' title='bbox 1628 994 1837 1057; x_wconf 81' lang='grc' dir='ltr'>Λύσις.</span> 
     </span>
    </p>
   </div>
   <div class='ocr_carea' id='block_1_12' title="bbox 262 1086 1842 1160">
    <p class='ocr_par' dir='ltr' id='par_1_12' title="bbox 262 1086 1842 1160">
     <span class='ocr_line' id='line_1_12' title="bbox 262 1086 1842 1160; baseline -0.004 -16"><span class='ocrx_word' id='word_1_66' title='bbox 262 1090 405 1144; x_wconf 80' lang='grc' dir='ltr'>Ἀπὸ</span> <span class='ocrx_word' id='word_1_67' title='bbox 436 1091 532 1142; x_wconf 83' lang='grc' dir='ltr'>τοῦ</span> <span class='ocrx_word' id='word_1_68' title='bbox 588 1087 658 1160; x_wconf 88' lang='grc' dir='ltr'>ιη’</span> <span class='ocrx_word' id='word_1_69' title='bbox 701 1089 1063 1143; x_wconf 83' lang='grc' dir='ltr'>ἀποστολικοῦ</span> <span class='ocrx_word' id='word_1_70' title='bbox 1111 1089 1335 1152; x_wconf 83' lang='grc' dir='ltr'>κανόνος</span> <span class='ocrx_word' id='word_1_71' title='bbox 1372 1086 1639 1140; x_wconf 79' lang='grc' dir='ltr'>κωλύεται</span> <span class='ocrx_word' id='word_1_72' title='bbox 1708 1102 1842 1155; x_wconf 83' lang='grc' dir='ltr'>προ-</span> 
     </span>
    </p>
   </div>
   <div class='ocr_carea' id='block_1_13' title="bbox 248 1177 1840 1252">
    <p class='ocr_par' dir='ltr' id='par_1_13' title="bbox 248 1177 1840 1252">
     <span class='ocr_line' id='line_1_13' title="bbox 248 1177 1840 1252; baseline -0.004 -16"><span class='ocrx_word' id='word_1_73' title='bbox 248 1181 687 1250; x_wconf 75' lang='grc' dir='ltr'>αναϐιῦασθῆναι</span> <span class='ocrx_word' id='word_1_74' title='bbox 714 1184 795 1246; x_wconf 84' lang='grc' dir='ltr'><strong>είς</strong></span> <span class='ocrx_word' id='word_1_75' title='bbox 840 1181 1049 1252; x_wconf 83' lang='grc' dir='ltr'>βαθμὸν</span> <span class='ocrx_word' id='word_1_76' title='bbox 1075 1182 1103 1234; x_wconf 91' lang='lat'><strong>6</strong></span> <span class='ocrx_word' id='word_1_77' title='bbox 1130 1182 1367 1249; x_wconf 81' lang='grc' dir='ltr'>γυναῖκα</span> <span class='ocrx_word' id='word_1_78' title='bbox 1398 1179 1606 1251; x_wconf 80' lang='grc' dir='ltr'>πόρνην</span> <span class='ocrx_word' id='word_1_79' title='bbox 1632 1177 1840 1247; x_wconf 72' lang='grc' dir='ltr'>ἀγόμε-</span> 
     </span>
    </p>
   </div>
   <div class='ocr_carea' id='block_1_14' title="bbox 246 1267 1840 1341">
    <p class='ocr_par' dir='ltr' id='par_1_14' title="bbox 246 1267 1840 1341">
     <span class='ocr_line' id='line_1_14' title="bbox 246 1267 1840 1341; baseline -0.006 -15"><span class='ocrx_word' id='word_1_80' title='bbox 246 1288 342 1335; x_wconf 82' lang='grc' dir='ltr'><strong>νος</strong></span> <span class='ocrx_word' id='word_1_81' title='bbox 381 1288 395 1302; x_wconf 75' lang='grc' dir='ltr'><strong>ο</strong></span> <span class='ocrx_word' id='word_1_82' title='bbox 430 1269 614 1341; x_wconf 83' lang='grc' dir='ltr'>πολλῴ</span> <span class='ocrx_word' id='word_1_83' title='bbox 632 1270 765 1339; x_wconf 83' lang='grc' dir='ltr'>γοῦν</span> <span class='ocrx_word' id='word_1_84' title='bbox 798 1270 965 1324; x_wconf 85' lang='grc' dir='ltr'>πλέον</span> <span class='ocrx_word' id='word_1_85' title='bbox 1024 1271 1087 1323; x_wconf 86' lang='grc' dir='ltr'><strong>οὑ</strong></span> <span class='ocrx_word' id='word_1_86' title='bbox 1170 1267 1786 1338; x_wconf 79' lang='grc' dir='ltr'>προαναόιόασθήσεται</span> <span class='ocrx_word' id='word_1_87' title='bbox 1813 1269 1840 1317; x_wconf 97' lang='lat'><strong>6</strong></span> 
     </span>
    </p>
   </div>
   <div class='ocr_carea' id='block_1_15' title="bbox 252 1361 1841 1433">
    <p class='ocr_par' dir='ltr' id='par_1_15' title="bbox 252 1361 1841 1433">
     <span class='ocr_line' id='line_1_15' title="bbox 252 1361 1841 1433; baseline 0.001 -19"><span class='ocrx_word' id='word_1_88' title='bbox 252 1364 398 1433; x_wconf 76' lang='grc' dir='ltr'>μετὰ</span> <span class='ocrx_word' id='word_1_89' title='bbox 424 1363 733 1433; x_wconf 74' lang='grc' dir='ltr'>μοιχαλίδος</span> <span class='ocrx_word' id='word_1_90' title='bbox 767 1363 1139 1433; x_wconf 68' lang='grc' dir='ltr'>συμφθαρεὶς,</span> <span class='ocrx_word' id='word_1_91' title='bbox 1191 1363 1297 1416; x_wconf 79' lang='grc' dir='ltr'><strong>κᾶν</strong></span> <span class='ocrx_word' id='word_1_92' title='bbox 1331 1364 1389 1414; x_wconf 80' lang='grc' dir='ltr'><strong>ἐν</strong></span> <span class='ocrx_word' id='word_1_93' title='bbox 1444 1361 1661 1432; x_wconf 69' lang='grc' dir='ltr'>ἀγνοίᾳ.</span> <span class='ocrx_word' id='word_1_94' title='bbox 1741 1362 1841 1415; x_wconf 86' lang='grc' dir='ltr'><strong>Διὰ</strong></span> 
     </span>
    </p>
   </div>
   <div class='ocr_carea' id='block_1_16' title="bbox 245 1455 1842 1527">
    <p class='ocr_par' dir='ltr' id='par_1_16' title="bbox 245 1455 1842 1527">
     <span class='ocr_line' id='line_1_16' title="bbox 245 1455 1842 1527; baseline 0.001 -20"><span class='ocrx_word' id='word_1_95' title='bbox 245 1458 366 1525; x_wconf 81' lang='grc' dir='ltr'>γὰρ</span> <span class='ocrx_word' id='word_1_96' title='bbox 387 1455 548 1508; x_wconf 84' lang='grc' dir='ltr'>τοῦτο</span> <span class='ocrx_word' id='word_1_97' title='bbox 584 1456 681 1509; x_wconf 76' lang='grc' dir='ltr'>καὶ</span> <span class='ocrx_word' id='word_1_98' title='bbox 710 1458 761 1510; x_wconf 84' lang='grc' dir='ltr'><strong>οί</strong></span> <span class='ocrx_word' id='word_1_99' title='bbox 790 1457 1033 1527; x_wconf 86' lang='grc' dir='ltr'>Πατέρες</span> <span class='ocrx_word' id='word_1_100' title='bbox 1063 1458 1157 1510; x_wconf 74' lang='grc' dir='ltr'><strong>ἐπὶ</strong></span> <span class='ocrx_word' id='word_1_101' title='bbox 1187 1456 1286 1526; x_wconf 82' lang='grc' dir='ltr'>μὲν</span> <span class='ocrx_word' id='word_1_102' title='bbox 1314 1455 1410 1509; x_wconf 80' lang='grc' dir='ltr'>τοῦ</span> <span class='ocrx_word' id='word_1_103' title='bbox 1474 1456 1666 1509; x_wconf 79' lang='grc' dir='ltr'>λαῖκοῦ</span> <span class='ocrx_word' id='word_1_104' title='bbox 1702 1456 1842 1509; x_wconf 85' lang='grc' dir='ltr'>διαί-</span> 
     </span>
    </p>
   </div>
   <div class='ocr_carea' id='block_1_17' title="bbox 253 1547 1840 1620">
    <p class='ocr_par' dir='ltr' id='par_1_17' title="bbox 253 1547 1840 1620">
     <span class='ocr_line' id='line_1_17' title="bbox 253 1547 1840 1620; baseline -0.001 -21"><span class='ocrx_word' id='word_1_105' title='bbox 253 1548 508 1619; x_wconf 76' lang='grc' dir='ltr'>ρεσινού</span> <span class='ocrx_word' id='word_1_106' title='bbox 556 1551 932 1620; x_wconf 72' lang='grc' dir='ltr'>πεποιήκασι,</span> <span class='ocrx_word' id='word_1_107' title='bbox 984 1550 1144 1619; x_wconf 82' lang='grc' dir='ltr'>χάριν</span> <span class='ocrx_word' id='word_1_108' title='bbox 1196 1548 1292 1600; x_wconf 84' lang='grc' dir='ltr'><strong>τοῦ</strong></span> <span class='ocrx_word' id='word_1_109' title='bbox 1347 1547 1683 1617; x_wconf 74' lang='grc' dir='ltr'>ἀπολυθῆναι</span> <span class='ocrx_word' id='word_1_110' title='bbox 1740 1547 1840 1617; x_wconf 83' lang='grc' dir='ltr'><strong>τὴν</strong></span> 
     </span>
    </p>
   </div>
   <div class='ocr_carea' id='block_1_18' title="bbox 253 1638 1841 1711">
    <p class='ocr_par' dir='ltr' id='par_1_18' title="bbox 253 1638 1841 1711">
     <span class='ocr_line' id='line_1_18' title="bbox 253 1638 1841 1711; baseline 0 -20"><span class='ocrx_word' id='word_1_111' title='bbox 253 1639 566 1710; x_wconf 83' lang='grc' dir='ltr'>μοιχαλίδα,</span> <span class='ocrx_word' id='word_1_112' title='bbox 592 1642 685 1694; x_wconf 75' lang='grc' dir='ltr'><strong>καὶ</strong></span> <span class='ocrx_word' id='word_1_113' title='bbox 708 1640 783 1711; x_wconf 80' lang='grc' dir='ltr'>μὴ</span> <span class='ocrx_word' id='word_1_114' title='bbox 816 1639 1178 1709; x_wconf 82' lang='grc' dir='ltr'>ἀπολυθῆναι,</span> <span class='ocrx_word' id='word_1_115' title='bbox 1214 1639 1349 1693; x_wconf 85' lang='grc' dir='ltr'>ἀλλὰ</span> <span class='ocrx_word' id='word_1_116' title='bbox 1370 1639 1731 1702; x_wconf 83' lang='grc' dir='ltr'>ἁδιαστίκτως</span> <span class='ocrx_word' id='word_1_117' title='bbox 1762 1638 1841 1691; x_wconf 84' lang='grc' dir='ltr'>δι-</span> 
     </span>
    </p>
   </div>
   <div class='ocr_carea' id='block_1_19' title="bbox 254 1732 1838 1804">
    <p class='ocr_par' dir='ltr' id='par_1_19' title="bbox 254 1732 1838 1804">
     <span class='ocr_line' id='line_1_19' title="bbox 254 1732 1838 1804; baseline -0.001 -19"><span class='ocrx_word' id='word_1_118' title='bbox 254 1736 534 1803; x_wconf 86' lang='grc' dir='ltr'>ωρίσαντο</span> <span class='ocrx_word' id='word_1_119' title='bbox 566 1732 639 1804; x_wconf 79' lang='grc' dir='ltr'>μὴ</span> <span class='ocrx_word' id='word_1_120' title='bbox 678 1733 939 1786; x_wconf 89' lang='grc' dir='ltr'>δύνασθαι</span> <span class='ocrx_word' id='word_1_121' title='bbox 982 1735 1075 1786; x_wconf 88' lang='grc' dir='ltr'><strong>τὸν</strong></span> <span class='ocrx_word' id='word_1_122' title='bbox 1110 1732 1279 1803; x_wconf 77' lang='grc' dir='ltr'>ἄνδρα</span> <span class='ocrx_word' id='word_1_123' title='bbox 1336 1732 1506 1803; x_wconf 84' lang='grc' dir='ltr'>αὐτῆς</span> <span class='ocrx_word' id='word_1_124' title='bbox 1559 1733 1639 1796; x_wconf 83' lang='grc' dir='ltr'><strong>είς</strong></span> <span class='ocrx_word' id='word_1_125' title='bbox 1698 1733 1838 1802; x_wconf 78' lang='grc' dir='ltr'>ὑπη-</span> 
     </span>
    </p>
   </div>
   <div class='ocr_carea' id='block_1_20' title="bbox 250 1824 1836 1895">
    <p class='ocr_par' dir='ltr' id='par_1_20' title="bbox 250 1824 1836 1895">
     <span class='ocr_line' id='line_1_20' title="bbox 250 1824 1836 1895; baseline -0.001 -18"><span class='ocrx_word' id='word_1_126' title='bbox 250 1825 447 1895; x_wconf 88' lang='grc' dir='ltr'>ρεσίαν</span> <span class='ocrx_word' id='word_1_127' title='bbox 480 1826 653 1879; x_wconf 78' lang='grc' dir='ltr'>ἐλθεῖν</span> <span class='ocrx_word' id='word_1_128' title='bbox 685 1842 700 1857; x_wconf 77' lang='grc' dir='ltr'><strong>ο</strong></span> <span class='ocrx_word' id='word_1_129' title='bbox 734 1825 829 1879; x_wconf 73' lang='grc' dir='ltr'><strong>ἐπὶ</strong></span> <span class='ocrx_word' id='word_1_130' title='bbox 879 1825 1045 1880; x_wconf 82' lang='grc' dir='ltr'>δὲτοῦ</span> <span class='ocrx_word' id='word_1_131' title='bbox 1121 1826 1312 1895; x_wconf 80' lang='grc' dir='ltr'>ἱερέως</span> <span class='ocrx_word' id='word_1_132' title='bbox 1381 1825 1679 1895; x_wconf 72' lang='grc' dir='ltr'>εἰσήγαγον</span> <span class='ocrx_word' id='word_1_133' title='bbox 1736 1824 1836 1893; x_wconf 83' lang='grc' dir='ltr'>τὴν</span> 
     </span>
    </p>
   </div>
   <div class='ocr_carea' id='block_1_21' title="bbox 246 1916 1844 1989">
    <p class='ocr_par' dir='ltr' id='par_1_21' title="bbox 246 1916 1844 1989">
     <span class='ocr_line' id='line_1_21' title="bbox 246 1916 1844 1989; baseline -0.002 -18"><span class='ocrx_word' id='word_1_134' title='bbox 246 1920 541 1989; x_wconf 81' lang='grc' dir='ltr'>διαίρεσιν.</span> <span class='ocrx_word' id='word_1_135' title='bbox 595 1919 750 1973; x_wconf 83' lang='grc' dir='ltr'>Ἐστι</span> <span class='ocrx_word' id='word_1_136' title='bbox 810 1919 870 1971; x_wconf 86' lang='grc' dir='ltr'>δὲ</span> <span class='ocrx_word' id='word_1_137' title='bbox 944 1919 1040 1972; x_wconf 72' lang='grc' dir='ltr'>καὶ</span> <span class='ocrx_word' id='word_1_138' title='bbox 1091 1918 1328 1989; x_wconf 85' lang='grc' dir='ltr'>διαφορὰ</span> <span class='ocrx_word' id='word_1_139' title='bbox 1376 1917 1473 1971; x_wconf 82' lang='grc' dir='ltr'>τοῦ</span> <span class='ocrx_word' id='word_1_140' title='bbox 1536 1918 1704 1987; x_wconf 88' lang='grc' dir='ltr'>μήπω</span> <span class='ocrx_word' id='word_1_141' title='bbox 1771 1916 1844 1968; x_wconf 89' lang='grc' dir='ltr'>ίε-</span> 
     </span>
    </p>
   </div>
   <div class='ocr_carea' id='block_1_22' title="bbox 253 2009 1844 2081">
    <p class='ocr_par' dir='ltr' id='par_1_22' title="bbox 253 2009 1844 2081">
     <span class='ocr_line' id='line_1_22' title="bbox 253 2009 1844 2081; baseline -0.002 -15"><span class='ocrx_word' id='word_1_142' title='bbox 253 2013 526 2081; x_wconf 76' lang='grc' dir='ltr'>ρωθέντος</span> <span class='ocrx_word' id='word_1_143' title='bbox 604 2012 698 2065; x_wconf 78' lang='grc' dir='ltr'><strong>καὶ</strong></span> <span class='ocrx_word' id='word_1_144' title='bbox 784 2010 880 2065; x_wconf 82' lang='grc' dir='ltr'>τοῦ</span> <span class='ocrx_word' id='word_1_145' title='bbox 967 2009 1313 2079; x_wconf 81' lang='grc' dir='ltr'>ίερωθέντος,</span> <span class='ocrx_word' id='word_1_146' title='bbox 1399 2010 1495 2063; x_wconf 76' lang='grc' dir='ltr'>καὶ</span> <span class='ocrx_word' id='word_1_147' title='bbox 1598 2010 1690 2063; x_wconf 84' lang='grc' dir='ltr'><strong>διά</strong></span> <span class='ocrx_word' id='word_1_148' title='bbox 1786 2026 1844 2063; x_wconf 87' lang='grc' dir='ltr'><strong>τι</strong></span> 
     </span>
    </p>
   </div>
   <div class='ocr_carea' id='block_1_23' title="bbox 250 2099 1844 2174">
    <p class='ocr_par' dir='ltr' id='par_1_23' title="bbox 250 2099 1844 2174">
     <span class='ocr_line' id='line_1_23' title="bbox 250 2099 1844 2174; baseline -0.004 -17"><span class='ocrx_word' id='word_1_149' title='bbox 250 2106 511 2174; x_wconf 80' lang='grc' dir='ltr'>πταῖσμα</span> <span class='ocrx_word' id='word_1_150' title='bbox 544 2101 941 2173; x_wconf 83' lang='grc' dir='ltr'>καθαιρεθῆναι</span> <span class='ocrx_word' id='word_1_151' title='bbox 977 2102 1290 2171; x_wconf 83' lang='grc' dir='ltr'>μέλλοντος.</span> <span class='ocrx_word' id='word_1_152' title='bbox 1368 2100 1426 2153; x_wconf 89' lang='lat'><strong>&#39;0</strong></span> <span class='ocrx_word' id='word_1_153' title='bbox 1490 2099 1590 2170; x_wconf 81' lang='grc' dir='ltr'><strong>μὲν</strong></span> <span class='ocrx_word' id='word_1_154' title='bbox 1622 2100 1732 2171; x_wconf 82' lang='grc' dir='ltr'>γὰρ</span> <span class='ocrx_word' id='word_1_155' title='bbox 1769 2101 1844 2171; x_wconf 80' lang='grc' dir='ltr'>μὴ</span> 
     </span>
    </p>
   </div>
   <div class='ocr_carea' id='block_1_24' title="bbox 251 2190 1840 2266">
    <p class='ocr_par' dir='ltr' id='par_1_24' title="bbox 251 2190 1840 2266">
     <span class='ocr_line' id='line_1_24' title="bbox 251 2190 1840 2266; baseline -0.004 -18"><span class='ocrx_word' id='word_1_156' title='bbox 251 2195 535 2266; x_wconf 74' lang='grc' dir='ltr'>ἐπιτυχὼν</span> <span class='ocrx_word' id='word_1_157' title='bbox 566 2194 821 2256; x_wconf 86' lang='grc' dir='ltr'>πλείονός</span> <span class='ocrx_word' id='word_1_158' title='bbox 856 2210 1003 2257; x_wconf 89' lang='grc' dir='ltr'>τινος</span> <span class='ocrx_word' id='word_1_159' title='bbox 1043 2193 1103 2245; x_wconf 87' lang='grc' dir='ltr'>οὺ</span> <span class='ocrx_word' id='word_1_160' title='bbox 1132 2191 1390 2245; x_wconf 80' lang='grc' dir='ltr'>τοσοῦτον</span> <span class='ocrx_word' id='word_1_161' title='bbox 1424 2190 1840 2262; x_wconf 81' lang='grc' dir='ltr'>βαρυθυμήσει,</span> 
     </span>
    </p>
   </div>
   <div class='ocr_carea' id='block_1_25' title="bbox 249 2284 1843 2358">
    <p class='ocr_par' dir='ltr' id='par_1_25' title="bbox 249 2284 1843 2358">
     <span class='ocr_line' id='line_1_25' title="bbox 249 2284 1843 2358; baseline -0.002 -17"><span class='ocrx_word' id='word_1_162' title='bbox 249 2289 374 2342; x_wconf 83' lang='grc' dir='ltr'>ἀλλ’</span> <span class='ocrx_word' id='word_1_163' title='bbox 402 2286 793 2358; x_wconf 82' lang='grc' dir='ltr'>εὐχαριστήσει</span> <span class='ocrx_word' id='word_1_164' title='bbox 830 2286 1054 2356; x_wconf 81' lang='grc' dir='ltr'>μᾶλλον,</span> <span class='ocrx_word' id='word_1_165' title='bbox 1098 2285 1172 2347; x_wconf 83' lang='grc' dir='ltr'>ὡς</span> <span class='ocrx_word' id='word_1_166' title='bbox 1204 2284 1282 2358; x_wconf 83' lang='grc' dir='ltr'>τῷ</span> <span class='ocrx_word' id='word_1_167' title='bbox 1322 2285 1510 2337; x_wconf 88' lang='grc' dir='ltr'>κανόνι</span> <span class='ocrx_word' id='word_1_168' title='bbox 1564 2284 1639 2354; x_wconf 82' lang='grc' dir='ltr'><strong>μὴ</strong></span> <span class='ocrx_word' id='word_1_169' title='bbox 1674 2300 1843 2356; x_wconf 81' lang='grc' dir='ltr'>προσ-</span> 
     </span>
    </p>
   </div>
   <div class='ocr_carea' id='block_1_26' title="bbox 248 2379 1837 2463">
    <p class='ocr_par' dir='ltr' id='par_1_26' title="bbox 248 2379 1837 2463">
     <span class='ocr_line' id='line_1_26' title="bbox 248 2379 1837 2463; baseline -0.001 -28"><span class='ocrx_word' id='word_1_170' title='bbox 248 2380 498 2463; x_wconf 28' lang='grc' dir='ltr'>κρεούσας</span> <span class='ocrx_word' id='word_1_171' title='bbox 526 2399 538 2412; x_wconf 88' lang='grc'>·</span> <span class='ocrx_word' id='word_1_172' title='bbox 568 2383 595 2433; x_wconf 88' lang='lat'><strong>6</strong></span> <span class='ocrx_word' id='word_1_173' title='bbox 627 2382 683 2434; x_wconf 85' lang='grc' dir='ltr'>δὲ</span> <span class='ocrx_word' id='word_1_174' title='bbox 734 2380 823 2434; x_wconf 85' lang='grc' dir='ltr'><strong>διά</strong></span> <span class='ocrx_word' id='word_1_175' title='bbox 850 2398 903 2434; x_wconf 84' lang='grc' dir='ltr'><strong>τι</strong></span> <span class='ocrx_word' id='word_1_176' title='bbox 936 2382 1187 2449; x_wconf 79' lang='grc' dir='ltr'>πταῖσμα</span> <span class='ocrx_word' id='word_1_177' title='bbox 1239 2379 1430 2449; x_wconf 80' lang='grc' dir='ltr'>ἐτέρου</span> <span class='ocrx_word' id='word_1_178' title='bbox 1489 2380 1837 2451; x_wconf 79' lang='grc' dir='ltr'>ἀφαιρούμε-</span> 
     </span>
    </p>
   </div>
   <div class='ocr_carea' id='block_1_27' title="bbox 249 2472 1836 2547">
    <p class='ocr_par' dir='ltr' id='par_1_27' title="bbox 249 2472 1836 2547">
     <span class='ocr_line' id='line_1_27' title="bbox 249 2472 1836 2547; baseline 0.001 -19"><span class='ocrx_word' id='word_1_179' title='bbox 249 2492 347 2539; x_wconf 89' lang='grc' dir='ltr'><strong>νος</strong></span> <span class='ocrx_word' id='word_1_180' title='bbox 377 2475 439 2527; x_wconf 85' lang='grc' dir='ltr'><strong>τὸ</strong></span> <span class='ocrx_word' id='word_1_181' title='bbox 491 2474 695 2545; x_wconf 84' lang='grc' dir='ltr'>προσὸν</span> <span class='ocrx_word' id='word_1_182' title='bbox 733 2473 881 2544; x_wconf 86' lang='grc' dir='ltr'>αὐτῷ</span> <span class='ocrx_word' id='word_1_183' title='bbox 910 2472 1126 2544; x_wconf 74' lang='grc' dir='ltr'>ἀξίωμα</span> <span class='ocrx_word' id='word_1_184' title='bbox 1148 2474 1398 2544; x_wconf 80' lang='grc' dir='ltr'>μεγάλως</span> <span class='ocrx_word' id='word_1_185' title='bbox 1432 2475 1836 2547; x_wconf 83' lang='grc' dir='ltr'>δεινοπαθήσει.</span> 
     </span>
    </p>
   </div>
   <div class='ocr_carea' id='block_1_28' title="bbox 252 2565 1731 2639">
    <p class='ocr_par' dir='ltr' id='par_1_28' title="bbox 252 2565 1731 2639">
     <span class='ocr_line' id='line_1_28' title="bbox 252 2565 1731 2639; baseline 0 -18"><span class='ocrx_word' id='word_1_186' title='bbox 252 2567 334 2621; x_wconf 83' lang='grc' dir='ltr'><strong>Τὸ</strong></span> <span class='ocrx_word' id='word_1_187' title='bbox 382 2566 492 2639; x_wconf 85' lang='grc' dir='ltr'><strong>γὰρ</strong></span> <span class='ocrx_word' id='word_1_188' title='bbox 522 2570 600 2631; x_wconf 83' lang='grc' dir='ltr'>εἰς</span> <span class='ocrx_word' id='word_1_189' title='bbox 637 2570 831 2637; x_wconf 71' lang='grc' dir='ltr'>πεῖραν</span> <span class='ocrx_word' id='word_1_190' title='bbox 859 2583 996 2638; x_wconf 90' lang='grc' dir='ltr'>ηκον</span> <span class='ocrx_word' id='word_1_191' title='bbox 1027 2565 1251 2637; x_wconf 77' lang='grc' dir='ltr'>ἀνιαρὸν</span> <span class='ocrx_word' id='word_1_192' title='bbox 1306 2567 1386 2631; x_wconf 89' lang='grc' dir='ltr'><strong>είς</strong></span> <span class='ocrx_word' id='word_1_193' title='bbox 1417 2566 1731 2634; x_wconf 82' lang='grc' dir='ltr'>ἀφαίρεσιν.</span> 
     </span>
    </p>
   </div>
   <div class='ocr_carea' id='block_1_29' title="bbox 332 2656 1845 2729">
    <p class='ocr_par' dir='ltr' id='par_1_29' title="bbox 332 2656 1845 2729">
     <span class='ocr_line' id='line_1_29' title="bbox 332 2656 1845 2729; baseline -0.002 -17"><span class='ocrx_word' id='word_1_194' title='bbox 332 2661 578 2716; x_wconf 79' lang='grc' dir='ltr'><strong>ΖΩΝΑΡ.</strong></span> <span class='ocrx_word' id='word_1_195' title='bbox 631 2659 851 2729; x_wconf 85' lang='grc' dir='ltr'>Ἀνδρὸς</span> <span class='ocrx_word' id='word_1_196' title='bbox 876 2656 1070 2712; x_wconf 78' lang='grc' dir='ltr'>λαῖκοῦ</span> <span class='ocrx_word' id='word_1_197' title='bbox 1115 2656 1255 2727; x_wconf 82' lang='grc' dir='ltr'>γυνὴ</span> <span class='ocrx_word' id='word_1_198' title='bbox 1328 2657 1701 2726; x_wconf 81' lang='grc' dir='ltr'>μοιχευθεῖσα,</span> <span class='ocrx_word' id='word_1_199' title='bbox 1749 2658 1845 2711; x_wconf 71' lang='grc' dir='ltr'><strong>καί</strong></span> 
     </span>
    </p>
   </div>
   <div class='ocr_carea' id='block_1_30' title="bbox 255 2744 1846 2821">
    <p class='ocr_par' dir='ltr' id='par_1_30' title="bbox 255 2744 1846 2821">
     <span class='ocr_line' id='line_1_30' title="bbox 255 2744 1846 2821; baseline -0.005 -18"><span class='ocrx_word' id='word_1_200' title='bbox 255 2750 514 2821; x_wconf 78' lang='grc' dir='ltr'>φανερῶς</span> <span class='ocrx_word' id='word_1_201' title='bbox 546 2748 894 2819; x_wconf 75' lang='grc' dir='ltr'>ἐλεγχθεῖσα,</span> <span class='ocrx_word' id='word_1_202' title='bbox 960 2744 1162 2800; x_wconf 85' lang='grc' dir='ltr'>κωλύει</span> <span class='ocrx_word' id='word_1_203' title='bbox 1184 2744 1277 2797; x_wconf 83' lang='grc' dir='ltr'><strong>τὸν</strong></span> <span class='ocrx_word' id='word_1_204' title='bbox 1310 2744 1481 2814; x_wconf 81' lang='grc' dir='ltr'>ἄνδρα</span> <span class='ocrx_word' id='word_1_205' title='bbox 1538 2744 1707 2815; x_wconf 81' lang='grc' dir='ltr'>αὐτῆς</span> <span class='ocrx_word' id='word_1_206' title='bbox 1764 2746 1846 2806; x_wconf 86' lang='grc' dir='ltr'><strong>είς</strong></span> 
     </span>
    </p>
   </div>
   <div class='ocr_carea' id='block_1_31' title="bbox 253 2836 1846 2914">
    <p class='ocr_par' dir='ltr' id='par_1_31' title="bbox 253 2836 1846 2914">
     <span class='ocr_line' id='line_1_31' title="bbox 253 2836 1846 2914; baseline -0.004 -17"><span class='ocrx_word' id='word_1_207' title='bbox 253 2842 569 2914; x_wconf 82' lang='grc' dir='ltr'>ὑπηρεσίαν</span> <span class='ocrx_word' id='word_1_208' title='bbox 608 2840 807 2906; x_wconf 73' lang='grc' dir='ltr'>ἐλθεῖν,</span> <span class='ocrx_word' id='word_1_209' title='bbox 842 2840 1129 2893; x_wconf 85' lang='grc' dir='ltr'>τουτέστιν</span> <span class='ocrx_word' id='word_1_210' title='bbox 1166 2838 1247 2901; x_wconf 87' lang='grc' dir='ltr'><strong>είς</strong></span> <span class='ocrx_word' id='word_1_211' title='bbox 1313 2836 1523 2907; x_wconf 82' lang='grc' dir='ltr'>βαθμὸν</span> <span class='ocrx_word' id='word_1_212' title='bbox 1570 2838 1846 2905; x_wconf 76' lang='grc' dir='ltr'>ίερατικόν</span> 
     </span>
    </p>
   </div>
   <div class='ocr_carea' id='block_1_32' title="bbox 252 2928 1845 3004">
    <p class='ocr_par' dir='ltr' id='par_1_32' title="bbox 252 2928 1845 3004">
     <span class='ocr_line' id='line_1_32' title="bbox 252 2928 1845 3004; baseline -0.007 -14"><span class='ocrx_word' id='word_1_213' title='bbox 252 2954 384 2990; x_wconf 86' lang='grc' dir='ltr'>τινα</span> <span class='ocrx_word' id='word_1_214' title='bbox 404 2952 417 2967; x_wconf 74' lang='grc' dir='ltr'><strong>ο</strong></span> <span class='ocrx_word' id='word_1_215' title='bbox 455 2934 593 3004; x_wconf 82' lang='grc' dir='ltr'>πλὴν</span> <span class='ocrx_word' id='word_1_216' title='bbox 622 2935 655 3003; x_wconf 79' lang='grc' dir='ltr'>ἡ</span> <span class='ocrx_word' id='word_1_217' title='bbox 690 2932 941 3000; x_wconf 80' lang='grc' dir='ltr'>φανερῶς</span> <span class='ocrx_word' id='word_1_218' title='bbox 969 2929 1315 2999; x_wconf 78' lang='grc' dir='ltr'>ἐλεγχθεῖσα,</span> <span class='ocrx_word' id='word_1_219' title='bbox 1351 2929 1451 2998; x_wconf 80' lang='grc' dir='ltr'>οὐχ</span> <span class='ocrx_word' id='word_1_220' title='bbox 1478 2930 1510 2998; x_wconf 82' lang='grc' dir='ltr'>ἡ</span> <span class='ocrx_word' id='word_1_221' title='bbox 1552 2932 1610 2981; x_wconf 84' lang='grc' dir='ltr'>ἐν</span> <span class='ocrx_word' id='word_1_222' title='bbox 1636 2928 1845 2998; x_wconf 78' lang='grc' dir='ltr'>ὑποψίᾳ</span> 
     </span>
    </p>
   </div>
   <div class='ocr_carea' id='block_1_33' title="bbox 256 3016 1847 3098">
    <p class='ocr_par' dir='ltr' id='par_1_33' title="bbox 256 3016 1847 3098">
     <span class='ocr_line' id='line_1_33' title="bbox 256 3016 1847 3098; baseline -0.008 -18"><span class='ocrx_word' id='word_1_223' title='bbox 256 3026 535 3098; x_wconf 77' lang='grc' dir='ltr'>γενομένη</span> <span class='ocrx_word' id='word_1_224' title='bbox 583 3023 745 3094; x_wconf 63' lang='grc' dir='ltr'>ἧκα).</span> <span class='ocrx_word' id='word_1_225' title='bbox 793 3019 1241 3090; x_wconf 84' lang='grc' dir='ltr'>κατηγορηθεῖσα</span> <span class='ocrx_word' id='word_1_226' title='bbox 1330 3018 1485 3086; x_wconf 81' lang='grc' dir='ltr'>παρὰ</span> <span class='ocrx_word' id='word_1_227' title='bbox 1540 3032 1687 3078; x_wconf 89' lang='grc' dir='ltr'>τινος</span> <span class='ocrx_word' id='word_1_228' title='bbox 1738 3016 1847 3069; x_wconf 85' lang='grc' dir='ltr'><strong>τῶν</strong></span> 
     </span>
    </p>
   </div>
   <div class='ocr_carea' id='block_1_34' title="bbox 1944 537 3526 610">
    <p class='ocr_par' dir='ltr' id='par_1_34' title="bbox 1944 537 3526 610">
     <span class='ocr_line' id='line_1_34' title="bbox 1944 537 3526 610; baseline 0.005 -20"><span class='ocrx_word' id='word_1_229' title='bbox 1944 537 2045 592; x_wconf 87' lang='lat' dir='ltr'><strong>fuit</strong></span> <span class='ocrx_word' id='word_1_230' title='bbox 2071 550 2321 609; x_wconf 73' lang='lat' dir='ltr'><strong>suspecta</strong></span> <span class='ocrx_word' id='word_1_231' title='bbox 2361 549 2580 610; x_wconf 69' lang='lat' dir='ltr'><strong>promer</strong></span> <span class='ocrx_word' id='word_1_232' title='bbox 2613 540 3036 596; x_wconf 92' lang='lat' dir='ltr'><strong>collocutionem</strong></span> <span class='ocrx_word' id='word_1_233' title='bbox 3058 582 3071 605; x_wconf 91' lang='lat'><strong>,</strong></span> <span class='ocrx_word' id='word_1_234' title='bbox 3100 542 3183 597; x_wconf 83' lang='lat' dir='ltr'><strong>vel</strong></span> <span class='ocrx_word' id='word_1_235' title='bbox 3221 554 3526 600; x_wconf 88' lang='lat' dir='ltr'><strong>consuetu-</strong></span> 
     </span>
    </p>
   </div>
   <div class='ocr_carea' id='block_1_35' title="bbox 1941 632 3527 703">
    <p class='ocr_par' dir='ltr' id='par_1_35' title="bbox 1941 632 3527 703">
     <span class='ocr_line' id='line_1_35' title="bbox 1941 632 3527 703; baseline 0.002 -16"><span class='ocrx_word' id='word_1_236' title='bbox 1941 635 2122 687; x_wconf 82' lang='lat' dir='ltr'><strong>dinem</strong></span> <span class='ocrx_word' id='word_1_237' title='bbox 2155 648 2218 686; x_wconf 89' lang='lat' dir='ltr'><strong>ac</strong></span> <span class='ocrx_word' id='word_1_238' title='bbox 2248 632 2698 694; x_wconf 82' lang='lat' dir='ltr'><strong>familiaritatem,</strong></span> <span class='ocrx_word' id='word_1_239' title='bbox 2731 632 2812 687; x_wconf 91' lang='lat' dir='ltr'><strong>vel</strong></span> <span class='ocrx_word' id='word_1_240' title='bbox 2845 633 3079 703; x_wconf 86' lang='lat' dir='ltr'><strong>aliquam</strong></span> <span class='ocrx_word' id='word_1_241' title='bbox 3107 635 3266 687; x_wconf 89' lang='lat' dir='ltr'><strong>aliam</strong></span> <span class='ocrx_word' id='word_1_242' title='bbox 3294 635 3363 689; x_wconf 88' lang='lat' dir='ltr'><strong>ob</strong></span> <span class='ocrx_word' id='word_1_243' title='bbox 3391 651 3527 690; x_wconf 82' lang='lat' dir='ltr'><strong>cau-</strong></span> 
     </span>
    </p>
   </div>
   <div class='ocr_carea' id='block_1_36' title="bbox 1942 722 3525 800">
    <p class='ocr_par' dir='ltr' id='par_1_36' title="bbox 1942 722 3525 800">
     <span class='ocr_line' id='line_1_36' title="bbox 1942 722 3525 800; baseline 0.003 -21"><span class='ocrx_word' id='word_1_244' title='bbox 1942 740 2081 779; x_wconf 88' lang='lat' dir='ltr'><strong>sam.</strong></span> <span class='ocrx_word' id='word_1_245' title='bbox 2113 722 2253 789; x_wconf 82' lang='lat' dir='ltr'><strong>Quid</strong></span> <span class='ocrx_word' id='word_1_246' title='bbox 2280 731 2488 787; x_wconf 87' lang='lat' dir='ltr'><strong>autem,</strong></span> <span class='ocrx_word' id='word_1_247' title='bbox 2516 738 2582 775; x_wconf 87' lang='lat' dir='ltr'><strong>an</strong></span> <span class='ocrx_word' id='word_1_248' title='bbox 2608 723 2803 787; x_wconf 88' lang='lat' dir='ltr'><strong>laicus,</strong></span> <span class='ocrx_word' id='word_1_249' title='bbox 2832 726 2875 779; x_wconf 91' lang='lat' dir='ltr'><strong>si</strong></span> <span class='ocrx_word' id='word_1_250' title='bbox 2908 734 3194 794; x_wconf 88' lang='lat' dir='ltr'><strong>postquam</strong></span> <span class='ocrx_word' id='word_1_251' title='bbox 3222 727 3525 800; x_wconf 59' lang='lat' dir='ltr'><strong>“sejus</strong></span> 
     </span>
    </p>
   </div>
   <div class='ocr_carea' id='block_1_37' title="bbox 1942 818 3529 895">
    <p class='ocr_par' dir='ltr' id='par_1_37' title="bbox 1942 818 3529 895">
     <span class='ocr_line' id='line_1_37' title="bbox 1942 818 3529 895; baseline 0.003 -22"><span class='ocrx_word' id='word_1_252' title='bbox 1942 835 2081 874; x_wconf 82' lang='lat' dir='ltr'><strong>uxor</strong></span> <span class='ocrx_word' id='word_1_253' title='bbox 2106 818 2207 871; x_wconf 91' lang='lat' dir='ltr'><strong>fuit</strong></span> <span class='ocrx_word' id='word_1_254' title='bbox 2236 818 2563 883; x_wconf 89' lang='lat' dir='ltr'><strong>adulterata,</strong></span> <span class='ocrx_word' id='word_1_255' title='bbox 2596 819 2865 873; x_wconf 85' lang='lat' dir='ltr'><strong>dimiserit</strong></span> <span class='ocrx_word' id='word_1_256' title='bbox 2886 834 3027 886; x_wconf 88' lang='lat' dir='ltr'><strong>eam,</strong></span> <span class='ocrx_word' id='word_1_257' title='bbox 3057 822 3124 875; x_wconf 90' lang='lat' dir='ltr'><strong>ad</strong></span> <span class='ocrx_word' id='word_1_258' title='bbox 3150 823 3380 892; x_wconf 79' lang='lat' dir='ltr'><strong>gradum</strong></span> <span class='ocrx_word' id='word_1_259' title='bbox 3402 842 3529 895; x_wconf 84' lang='lat' dir='ltr'><strong>pro-</strong></span> 
     </span>
    </p>
   </div>
   <div class='ocr_carea' id='block_1_38' title="bbox 1942 911 3522 983">
    <p class='ocr_par' dir='ltr' id='par_1_38' title="bbox 1942 911 3522 983">
     <span class='ocr_line' id='line_1_38' title="bbox 1942 911 3522 983; baseline 0.003 -17"><span class='ocrx_word' id='word_1_260' title='bbox 1942 912 2289 977; x_wconf 82' lang='lat' dir='ltr'><strong>movebitur;</strong></span> <span class='ocrx_word' id='word_1_261' title='bbox 2323 911 2470 965; x_wconf 88' lang='lat' dir='ltr'><strong>sicut</strong></span> <span class='ocrx_word' id='word_1_262' title='bbox 2497 926 2603 965; x_wconf 91' lang='lat' dir='ltr'><strong>non</strong></span> <span class='ocrx_word' id='word_1_263' title='bbox 2633 912 2929 980; x_wconf 89' lang='lat' dir='ltr'><strong>deponitur</strong></span> <span class='ocrx_word' id='word_1_264' title='bbox 2953 912 2999 966; x_wconf 90' lang='lat' dir='ltr'><strong>is</strong></span> <span class='ocrx_word' id='word_1_265' title='bbox 3031 914 3120 981; x_wconf 91' lang='lat' dir='ltr'><strong>qui</strong></span> <span class='ocrx_word' id='word_1_266' title='bbox 3149 923 3233 968; x_wconf 90' lang='lat' dir='ltr'><strong>est</strong></span> <span class='ocrx_word' id='word_1_267' title='bbox 3253 926 3522 983; x_wconf 88' lang='lat' dir='ltr'><strong>sacratus,</strong></span> 
     </span>
    </p>
   </div>
   <div class='ocr_carea' id='block_1_39' title="bbox 1942 1002 3527 1072">
    <p class='ocr_par' dir='ltr' id='par_1_39' title="bbox 1942 1002 3527 1072">
     <span class='ocr_line' id='line_1_39' title="bbox 1942 1002 3527 1072; baseline 0.002 -15"><span class='ocrx_word' id='word_1_268' title='bbox 1942 1003 2169 1057; x_wconf 88' lang='lat' dir='ltr'><strong>dimissa</strong></span> <span class='ocrx_word' id='word_1_269' title='bbox 2199 1018 2369 1057; x_wconf 78' lang='lat' dir='ltr'><strong>uxore.</strong></span> <span class='ocrx_word' id='word_1_270' title='bbox 2404 1018 2525 1067; x_wconf 87' lang='lat' dir='ltr'><strong>sua,</strong></span> <span class='ocrx_word' id='word_1_271' title='bbox 2552 1018 2675 1072; x_wconf 72' lang='lat' dir='ltr'><strong>qua:</strong></span> <span class='ocrx_word' id='word_1_272' title='bbox 2704 1002 2979 1056; x_wconf 83' lang='lat' dir='ltr'><strong>commisit</strong></span> <span class='ocrx_word' id='word_1_273' title='bbox 3016 1004 3347 1059; x_wconf 82' lang='lat' dir='ltr'><strong>adulterium</strong></span> <span class='ocrx_word' id='word_1_274' title='bbox 3374 1007 3399 1059; x_wconf 72' lang='grc' dir='ltr'><em>Ἰ</em></span> <span class='ocrx_word' id='word_1_275' title='bbox 3425 1007 3527 1060; x_wconf 87' lang='lat' dir='ltr'><strong>So-</strong></span> 
     </span>
    </p>
   </div>
   <div class='ocr_carea' id='block_1_40' title="bbox 1945 1093 3527 1167">
    <p class='ocr_par' dir='ltr' id='par_1_40' title="bbox 1945 1093 3527 1167">
     <span class='ocr_line' id='line_1_40' title="bbox 1945 1093 3527 1167; baseline 0.003 -20"><span class='ocrx_word' id='word_1_276' title='bbox 1945 1094 2097 1147; x_wconf 85' lang='lat' dir='ltr'><strong>lutio.</strong></span> <span class='ocrx_word' id='word_1_277' title='bbox 2132 1093 2177 1148; x_wconf 84' lang='lat' dir='ltr'><strong>A</strong></span> <span class='ocrx_word' id='word_1_278' title='bbox 2220 1109 2434 1150; x_wconf 79' lang='lat' dir='ltr'><strong>canone</strong></span> <span class='ocrx_word' id='word_1_279' title='bbox 2480 1094 2781 1163; x_wconf 87' lang='lat' dir='ltr'><strong>apostolico</strong></span> <span class='ocrx_word' id='word_1_280' title='bbox 2829 1094 2896 1147; x_wconf 80' lang='grc'><strong>18</strong></span> <span class='ocrx_word' id='word_1_281' title='bbox 2939 1094 3259 1163; x_wconf 83' lang='lat' dir='ltr'><strong>prohibetur</strong></span> <span class='ocrx_word' id='word_1_282' title='bbox 3292 1098 3357 1150; x_wconf 88' lang='lat' dir='ltr'><strong>ad</strong></span> <span class='ocrx_word' id='word_1_283' title='bbox 3402 1114 3527 1167; x_wconf 81' lang='lat' dir='ltr'><strong>gra-</strong></span> 
     </span>
    </p>
   </div>
   <div class='ocr_carea' id='block_1_41' title="bbox 1942 1185 3524 1255">
    <p class='ocr_par' dir='ltr' id='par_1_41' title="bbox 1942 1185 3524 1255">
     <span class='ocr_line' id='line_1_41' title="bbox 1942 1185 3524 1255; baseline 0.002 -16"><span class='ocrx_word' id='word_1_284' title='bbox 1942 1186 2070 1240; x_wconf 91' lang='lat' dir='ltr'><strong>dum</strong></span> <span class='ocrx_word' id='word_1_285' title='bbox 2106 1186 2442 1255; x_wconf 80' lang='lat' dir='ltr'><strong>promoveri,</strong></span> <span class='ocrx_word' id='word_1_286' title='bbox 2486 1185 2582 1255; x_wconf 88' lang='lat' dir='ltr'><strong>qui</strong></span> <span class='ocrx_word' id='word_1_287' title='bbox 2618 1185 2773 1239; x_wconf 82' lang='lat' dir='ltr'><strong>duxit</strong></span> <span class='ocrx_word' id='word_1_288' title='bbox 2808 1200 3039 1240; x_wconf 78' lang='lat' dir='ltr'><strong>uxorem</strong></span> <span class='ocrx_word' id='word_1_289' title='bbox 3077 1186 3524 1242; x_wconf 86' lang='lat' dir='ltr'><strong>fornicatricem:</strong></span> 
     </span>
    </p>
   </div>
   <div class='ocr_carea' id='block_1_42' title="bbox 1943 1278 3527 1353">
    <p class='ocr_par' dir='ltr' id='par_1_42' title="bbox 1943 1278 3527 1353">
     <span class='ocr_line' id='line_1_42' title="bbox 1943 1278 3527 1353; baseline 0.001 -22"><span class='ocrx_word' id='word_1_290' title='bbox 1943 1279 2115 1332; x_wconf 87' lang='lat' dir='ltr'><strong>multo</strong></span> <span class='ocrx_word' id='word_1_291' title='bbox 2138 1294 2267 1348; x_wconf 72' lang='lat' dir='ltr'><strong>ergo</strong></span> <span class='ocrx_word' id='word_1_292' title='bbox 2295 1278 2466 1349; x_wconf 82' lang='lat' dir='ltr'><strong>magis</strong></span> <span class='ocrx_word' id='word_1_293' title='bbox 2497 1292 2605 1332; x_wconf 92' lang='lat' dir='ltr'><strong>non</strong></span> <span class='ocrx_word' id='word_1_294' title='bbox 2634 1278 3066 1353; x_wconf 88' lang='lat' dir='ltr'><strong>promovebitur,</strong></span> <span class='ocrx_word' id='word_1_295' title='bbox 3087 1280 3179 1348; x_wconf 92' lang='lat' dir='ltr'><strong>qui</strong></span> <span class='ocrx_word' id='word_1_296' title='bbox 3213 1294 3336 1333; x_wconf 90' lang='lat' dir='ltr'><strong>cum</strong></span> <span class='ocrx_word' id='word_1_297' title='bbox 3370 1281 3527 1334; x_wconf 86' lang='lat' dir='ltr'><strong>adul-</strong></span> 
     </span>
    </p>
   </div>
   <div class='ocr_carea' id='block_1_43' title="bbox 1946 1370 3526 1441">
    <p class='ocr_par' dir='ltr' id='par_1_43' title="bbox 1946 1370 3526 1441">
     <span class='ocr_line' id='line_1_43' title="bbox 1946 1370 3526 1441; baseline 0.002 -17"><span class='ocrx_word' id='word_1_298' title='bbox 1946 1382 2061 1425; x_wconf 88' lang='lat' dir='ltr'><strong>tera</strong></span> <span class='ocrx_word' id='word_1_299' title='bbox 2104 1373 2186 1425; x_wconf 94' lang='lat' dir='ltr'><strong>vel</strong></span> <span class='ocrx_word' id='word_1_300' title='bbox 2229 1372 2470 1427; x_wconf 88' lang='lat' dir='ltr'><strong>insciens</strong></span> <span class='ocrx_word' id='word_1_301' title='bbox 2503 1386 2617 1426; x_wconf 88' lang='lat' dir='ltr'><strong>rem</strong></span> <span class='ocrx_word' id='word_1_302' title='bbox 2655 1371 2866 1425; x_wconf 79' lang='lat' dir='ltr'><strong>habuit.</strong></span> <span class='ocrx_word' id='word_1_303' title='bbox 2905 1370 3200 1441; x_wconf 82' lang='lat' dir='ltr'><strong>Propterea</strong></span> <span class='ocrx_word' id='word_1_304' title='bbox 3233 1375 3378 1425; x_wconf 90' lang='lat' dir='ltr'><strong>enim</strong></span> <span class='ocrx_word' id='word_1_305' title='bbox 3422 1372 3526 1427; x_wconf 85' lang='lat' dir='ltr'><strong>Pa-</strong></span> 
     </span>
    </p>
   </div>
   <div class='ocr_carea' id='block_1_44' title="bbox 1946 1461 3531 1527">
    <p class='ocr_par' dir='ltr' id='par_1_44' title="bbox 1946 1461 3531 1527">
     <span class='ocr_line' id='line_1_44' title="bbox 1946 1461 3531 1527; baseline -0.001 -8"><span class='ocrx_word' id='word_1_306' title='bbox 1946 1472 2057 1519; x_wconf 87' lang='lat' dir='ltr'><strong>tres</strong></span> <span class='ocrx_word' id='word_1_307' title='bbox 2103 1465 2307 1518; x_wconf 86' lang='lat' dir='ltr'><strong>nullam</strong></span> <span class='ocrx_word' id='word_1_308' title='bbox 2347 1466 2398 1518; x_wconf 93' lang='lat' dir='ltr'><strong>in</strong></span> <span class='ocrx_word' id='word_1_309' title='bbox 2439 1464 2579 1518; x_wconf 87' lang='lat' dir='ltr'><strong>laico</strong></span> <span class='ocrx_word' id='word_1_310' title='bbox 2617 1462 2944 1519; x_wconf 84' lang='lat' dir='ltr'><strong>divisionem</strong></span> <span class='ocrx_word' id='word_1_311' title='bbox 2980 1461 3188 1527; x_wconf 82' lang='lat' dir='ltr'><strong>fecere,</strong></span> <span class='ocrx_word' id='word_1_312' title='bbox 3232 1464 3302 1517; x_wconf 88' lang='lat' dir='ltr'><strong>de</strong></span> <span class='ocrx_word' id='word_1_313' title='bbox 3340 1463 3531 1517; x_wconf 52' lang='lat' dir='ltr'><strong>(limits</strong></span> 
     </span>
    </p>
   </div>
   <div class='ocr_carea' id='block_1_45' title="bbox 1945 1555 3527 1620">
    <p class='ocr_par' dir='ltr' id='par_1_45' title="bbox 1945 1555 3527 1620">
     <span class='ocr_line' id='line_1_45' title="bbox 1945 1555 3527 1620; baseline -0.002 -8"><span class='ocrx_word' id='word_1_314' title='bbox 1945 1557 2105 1612; x_wconf 90' lang='lat' dir='ltr'><strong>tenda</strong></span> <span class='ocrx_word' id='word_1_315' title='bbox 2138 1557 2408 1620; x_wconf 90' lang='lat' dir='ltr'><strong>adultera,</strong></span> <span class='ocrx_word' id='word_1_316' title='bbox 2439 1556 2524 1611; x_wconf 91' lang='lat' dir='ltr'><strong>vel</strong></span> <span class='ocrx_word' id='word_1_317' title='bbox 2555 1571 2661 1611; x_wconf 91' lang='lat' dir='ltr'><strong>non</strong></span> <span class='ocrx_word' id='word_1_318' title='bbox 2688 1556 3054 1611; x_wconf 87' lang='lat' dir='ltr'><strong>dimittenda:</strong></span> <span class='ocrx_word' id='word_1_319' title='bbox 3082 1555 3175 1610; x_wconf 91' lang='lat' dir='ltr'><strong>sed</strong></span> <span class='ocrx_word' id='word_1_320' title='bbox 3203 1556 3527 1610; x_wconf 86' lang='lat' dir='ltr'><strong>indistincte</strong></span> 
     </span>
    </p>
   </div>
   <div class='ocr_carea' id='block_1_46' title="bbox 1942 1646 3528 1718">
    <p class='ocr_par' dir='ltr' id='par_1_46' title="bbox 1942 1646 3528 1718">
     <span class='ocr_line' id='line_1_46' title="bbox 1942 1646 3528 1718; baseline -0.001 -15"><span class='ocrx_word' id='word_1_321' title='bbox 1942 1648 2297 1713; x_wconf 80' lang='lat' dir='ltr'><strong>definierunt,</strong></span> <span class='ocrx_word' id='word_1_322' title='bbox 2331 1664 2437 1703; x_wconf 90' lang='lat' dir='ltr'><strong>non</strong></span> <span class='ocrx_word' id='word_1_323' title='bbox 2471 1663 2634 1718; x_wconf 90' lang='lat' dir='ltr'><strong>posse</strong></span> <span class='ocrx_word' id='word_1_324' title='bbox 2668 1648 2789 1717; x_wconf 87' lang='lat' dir='ltr'><strong>ejus</strong></span> <span class='ocrx_word' id='word_1_325' title='bbox 2820 1649 3077 1701; x_wconf 89' lang='lat' dir='ltr'><strong>maritum</strong></span> <span class='ocrx_word' id='word_1_326' title='bbox 3108 1647 3291 1702; x_wconf 86' lang='lat' dir='ltr'><strong>venire</strong></span> <span class='ocrx_word' id='word_1_327' title='bbox 3318 1646 3387 1701; x_wconf 89' lang='lat' dir='ltr'><strong>ad</strong></span> <span class='ocrx_word' id='word_1_328' title='bbox 3421 1648 3528 1701; x_wconf 81' lang='lat' dir='ltr'><strong>mi-</strong></span> 
     </span>
    </p>
   </div>
   <div class='ocr_carea' id='block_1_47' title="bbox 1943 1740 3526 1796">
    <p class='ocr_par' dir='ltr' id='par_1_47' title="bbox 1943 1740 3526 1796">
     <span class='ocr_line' id='line_1_47' title="bbox 1943 1740 3526 1796; baseline -0.002 -1"><span class='ocrx_word' id='word_1_329' title='bbox 1943 1743 2261 1796; x_wconf 90' lang='lat' dir='ltr'><strong>nisterium.</strong></span> <span class='ocrx_word' id='word_1_330' title='bbox 2303 1742 2363 1795; x_wconf 86' lang='lat' dir='ltr'><strong>In</strong></span> <span class='ocrx_word' id='word_1_331' title='bbox 2416 1742 2714 1796; x_wconf 86' lang='lat' dir='ltr'><strong>sacerdote</strong></span> <span class='ocrx_word' id='word_1_332' title='bbox 2758 1750 2940 1795; x_wconf 87' lang='lat' dir='ltr'><strong>autem</strong></span> <span class='ocrx_word' id='word_1_333' title='bbox 2988 1740 3308 1795; x_wconf 75' lang='lat' dir='ltr'><strong>divisionem</strong></span> <span class='ocrx_word' id='word_1_334' title='bbox 3354 1740 3526 1793; x_wconf 60' lang='lat' dir='ltr'><strong>iulros</strong></span> 
     </span>
    </p>
   </div>
   <div class='ocr_carea' id='block_1_48' title="bbox 1947 1831 3531 1902">
    <p class='ocr_par' dir='ltr' id='par_1_48' title="bbox 1947 1831 3531 1902">
     <span class='ocr_line' id='line_1_48' title="bbox 1947 1831 3531 1902; baseline -0.004 -12"><span class='ocrx_word' id='word_1_335' title='bbox 1947 1836 2176 1890; x_wconf 77' lang='lat' dir='ltr'><strong>duxere.</strong></span> <span class='ocrx_word' id='word_1_336' title='bbox 2213 1833 2305 1888; x_wconf 89' lang='lat' dir='ltr'><strong>Est</strong></span> <span class='ocrx_word' id='word_1_337' title='bbox 2336 1845 2514 1889; x_wconf 89' lang='lat' dir='ltr'><strong>autem</strong></span> <span class='ocrx_word' id='word_1_338' title='bbox 2550 1832 2858 1888; x_wconf 75' lang='lat' dir='ltr'><strong>differentia</strong></span> <span class='ocrx_word' id='word_1_339' title='bbox 2893 1834 3015 1902; x_wconf 86' lang='lat' dir='ltr'><strong>ejus</strong></span> <span class='ocrx_word' id='word_1_340' title='bbox 3043 1833 3134 1902; x_wconf 89' lang='lat' dir='ltr'><strong>qui</strong></span> <span class='ocrx_word' id='word_1_341' title='bbox 3168 1831 3409 1886; x_wconf 89' lang='lat' dir='ltr'><strong>nondum</strong></span> <span class='ocrx_word' id='word_1_342' title='bbox 3445 1840 3531 1886; x_wconf 86' lang='lat' dir='ltr'><strong>est</strong></span> 
     </span>
    </p>
   </div>
   <div class='ocr_carea' id='block_1_49' title="bbox 1946 1924 3529 1995">
    <p class='ocr_par' dir='ltr' id='par_1_49' title="bbox 1946 1924 3529 1995">
     <span class='ocr_line' id='line_1_49' title="bbox 1946 1924 3529 1995; baseline -0.002 -15"><span class='ocrx_word' id='word_1_343' title='bbox 1946 1934 2219 1985; x_wconf 88' lang='lat' dir='ltr'><strong>sacratus.</strong></span> <span class='ocrx_word' id='word_1_344' title='bbox 2240 1934 2307 1979; x_wconf 75' lang='lat' dir='ltr'><strong>ct</strong></span> <span class='ocrx_word' id='word_1_345' title='bbox 2335 1926 2453 1995; x_wconf 82' lang='lat' dir='ltr'><strong>ejus</strong></span> <span class='ocrx_word' id='word_1_346' title='bbox 2489 1928 2580 1994; x_wconf 86' lang='lat' dir='ltr'><strong>qui</strong></span> <span class='ocrx_word' id='word_1_347' title='bbox 2613 1935 2698 1979; x_wconf 91' lang='lat' dir='ltr'><strong>est</strong></span> <span class='ocrx_word' id='word_1_348' title='bbox 2733 1933 3015 1990; x_wconf 87' lang='lat' dir='ltr'><strong>sacratus;</strong></span> <span class='ocrx_word' id='word_1_349' title='bbox 3051 1924 3145 1981; x_wconf 89' lang='lat' dir='ltr'><strong>sed</strong></span> <span class='ocrx_word' id='word_1_350' title='bbox 3176 1932 3401 1994; x_wconf 81' lang='lat' dir='ltr'><strong>propter</strong></span> <span class='ocrx_word' id='word_1_351' title='bbox 3432 1924 3529 1977; x_wconf 89' lang='lat' dir='ltr'><strong>dc-</strong></span> 
     </span>
    </p>
   </div>
   <div class='ocr_carea' id='block_1_50' title="bbox 1944 2016 3530 2088">
    <p class='ocr_par' dir='ltr' id='par_1_50' title="bbox 1944 2016 3530 2088">
     <span class='ocr_line' id='line_1_50' title="bbox 1944 2016 3530 2088; baseline -0.003 -17"><span class='ocrx_word' id='word_1_352' title='bbox 1944 2018 2136 2073; x_wconf 91' lang='lat' dir='ltr'><strong>lictum</strong></span> <span class='ocrx_word' id='word_1_353' title='bbox 2179 2019 2397 2086; x_wconf 78' lang='lat' dir='ltr'><strong>aliquod</strong></span> <span class='ocrx_word' id='word_1_354' title='bbox 2434 2028 2515 2073; x_wconf 91' lang='lat' dir='ltr'><strong>est</strong></span> <span class='ocrx_word' id='word_1_355' title='bbox 2550 2018 2929 2088; x_wconf 87' lang='lat' dir='ltr'><strong>deponendus.</strong></span> <span class='ocrx_word' id='word_1_356' title='bbox 2969 2016 3069 2082; x_wconf 87' lang='lat' dir='ltr'><strong>Qui</strong></span> <span class='ocrx_word' id='word_1_357' title='bbox 3107 2018 3251 2070; x_wconf 90' lang='lat' dir='ltr'><strong>enim</strong></span> <span class='ocrx_word' id='word_1_358' title='bbox 3292 2032 3399 2069; x_wconf 89' lang='lat' dir='ltr'><strong>non</strong></span> <span class='ocrx_word' id='word_1_359' title='bbox 3444 2024 3530 2069; x_wconf 86' lang='lat' dir='ltr'><strong>est</strong></span> 
     </span>
    </p>
   </div>
   <div class='ocr_carea' id='block_1_51' title="bbox 1945 2106 3526 2180">
    <p class='ocr_par' dir='ltr' id='par_1_51' title="bbox 1945 2106 3526 2180">
     <span class='ocr_line' id='line_1_51' title="bbox 1945 2106 3526 2180; baseline -0.003 -15"><span class='ocrx_word' id='word_1_360' title='bbox 1945 2112 2124 2178; x_wconf 83' lang='lat' dir='ltr'><strong>majus</strong></span> <span class='ocrx_word' id='word_1_361' title='bbox 2158 2109 2377 2180; x_wconf 78' lang='lat' dir='ltr'><strong>aliquod</strong></span> <span class='ocrx_word' id='word_1_362' title='bbox 2420 2118 2728 2175; x_wconf 89' lang='lat' dir='ltr'><strong>assecutus,</strong></span> <span class='ocrx_word' id='word_1_363' title='bbox 2764 2124 2870 2163; x_wconf 89' lang='lat' dir='ltr'><strong>non</strong></span> <span class='ocrx_word' id='word_1_364' title='bbox 2907 2118 3015 2162; x_wconf 92' lang='lat' dir='ltr'><strong>tam</strong></span> <span class='ocrx_word' id='word_1_365' title='bbox 3051 2124 3192 2178; x_wconf 55' lang='lat' dir='ltr'><strong>a‘gre</strong></span> <span class='ocrx_word' id='word_1_366' title='bbox 3225 2107 3393 2161; x_wconf 83' lang='lat' dir='ltr'><strong>feret:</strong></span> <span class='ocrx_word' id='word_1_367' title='bbox 3431 2106 3526 2161; x_wconf 86' lang='lat' dir='ltr'><strong>sed</strong></span> 
     </span>
    </p>
   </div>
   <div class='ocr_carea' id='block_1_52' title="bbox 1944 2201 3528 2274">
    <p class='ocr_par' dir='ltr' id='par_1_52' title="bbox 1944 2201 3528 2274">
     <span class='ocr_line' id='line_1_52' title="bbox 1944 2201 3528 2274; baseline -0.003 -16"><span class='ocrx_word' id='word_1_368' title='bbox 1944 2219 2100 2274; x_wconf 66' lang='lat' dir='ltr'><strong>aequo</strong></span> <span class='ocrx_word' id='word_1_369' title='bbox 2128 2205 2311 2273; x_wconf 89' lang='lat' dir='ltr'><strong>potius</strong></span> <span class='ocrx_word' id='word_1_370' title='bbox 2351 2203 2536 2256; x_wconf 90' lang='lat' dir='ltr'><strong>animo</strong></span> <span class='ocrx_word' id='word_1_371' title='bbox 2572 2205 2811 2271; x_wconf 87' lang='lat' dir='ltr'><strong>patietur</strong></span> <span class='ocrx_word' id='word_1_372' title='bbox 2842 2211 2895 2257; x_wconf 91' lang='lat' dir='ltr'><strong>et</strong></span> <span class='ocrx_word' id='word_1_373' title='bbox 2929 2203 3223 2264; x_wconf 66' lang='lat' dir='ltr'><strong>laetabitur,</strong></span> <span class='ocrx_word' id='word_1_374' title='bbox 3258 2201 3401 2271; x_wconf 90' lang='lat' dir='ltr'><strong>quod</strong></span> <span class='ocrx_word' id='word_1_375' title='bbox 3435 2215 3528 2253; x_wconf 85' lang='lat' dir='ltr'><strong>ca-</strong></span> 
     </span>
    </p>
   </div>
   <div class='ocr_carea' id='block_1_53' title="bbox 1952 2291 3530 2361">
    <p class='ocr_par' dir='ltr' id='par_1_53' title="bbox 1952 2291 3530 2361">
     <span class='ocr_line' id='line_1_53' title="bbox 1952 2291 3530 2361; baseline -0.002 -14"><span class='ocrx_word' id='word_1_376' title='bbox 1952 2309 2151 2348; x_wconf 84' lang='lat' dir='ltr'><strong>nonem</strong></span> <span class='ocrx_word' id='word_1_377' title='bbox 2185 2308 2296 2346; x_wconf 90' lang='lat' dir='ltr'><strong>non</strong></span> <span class='ocrx_word' id='word_1_378' title='bbox 2342 2292 2653 2348; x_wconf 70' lang='lat' dir='ltr'><strong>oﬂenderit.</strong></span> <span class='ocrx_word' id='word_1_379' title='bbox 2698 2293 2750 2347; x_wconf 89' lang='lat' dir='ltr'><strong>Is</strong></span> <span class='ocrx_word' id='word_1_380' title='bbox 2778 2302 2980 2357; x_wconf 80' lang='lat' dir='ltr'><strong>autem,</strong></span> <span class='ocrx_word' id='word_1_381' title='bbox 3014 2292 3101 2347; x_wconf 90' lang='lat' dir='ltr'><strong>cui</strong></span> <span class='ocrx_word' id='word_1_382' title='bbox 3138 2300 3360 2361; x_wconf 76' lang='lat' dir='ltr'><strong>propter</strong></span> <span class='ocrx_word' id='word_1_383' title='bbox 3390 2291 3530 2344; x_wconf 85' lang='lat' dir='ltr'><strong>alte-</strong></span> 
     </span>
    </p>
   </div>
   <div class='ocr_carea' id='block_1_54' title="bbox 1950 2383 3532 2455">
    <p class='ocr_par' dir='ltr' id='par_1_54' title="bbox 1950 2383 3532 2455">
     <span class='ocr_line' id='line_1_54' title="bbox 1950 2383 3532 2455; baseline -0.003 -14"><span class='ocrx_word' id='word_1_384' title='bbox 1950 2387 2069 2441; x_wconf 86' lang='lat' dir='ltr'><strong>rius</strong></span> <span class='ocrx_word' id='word_1_385' title='bbox 2095 2386 2356 2441; x_wconf 86' lang='lat' dir='ltr'><strong>delictum</strong></span> <span class='ocrx_word' id='word_1_386' title='bbox 2387 2385 2635 2440; x_wconf 84' lang='lat' dir='ltr'><strong>aufertur</strong></span> <span class='ocrx_word' id='word_1_387' title='bbox 2663 2400 2725 2440; x_wconf 89' lang='lat' dir='ltr'><strong>ea</strong></span> <span class='ocrx_word' id='word_1_388' title='bbox 2757 2400 2920 2453; x_wconf 89' lang='lat' dir='ltr'><strong>quam</strong></span> <span class='ocrx_word' id='word_1_389' title='bbox 2949 2386 3111 2439; x_wconf 80' lang='lat' dir='ltr'><strong>habet</strong></span> <span class='ocrx_word' id='word_1_390' title='bbox 3137 2385 3400 2455; x_wconf 80' lang='lat' dir='ltr'><strong>dignitas,</strong></span> <span class='ocrx_word' id='word_1_391' title='bbox 3433 2383 3532 2436; x_wconf 81' lang='lat' dir='ltr'><strong>ad-</strong></span> 
     </span>
    </p>
   </div>
   <div class='ocr_carea' id='block_1_55' title="bbox 1951 2476 3534 2548">
    <p class='ocr_par' dir='ltr' id='par_1_55' title="bbox 1951 2476 3534 2548">
     <span class='ocr_line' id='line_1_55' title="bbox 1951 2476 3534 2548; baseline -0.005 -16"><span class='ocrx_word' id='word_1_392' title='bbox 1951 2481 2173 2532; x_wconf 87' lang='lat' dir='ltr'><strong>modum</strong></span> <span class='ocrx_word' id='word_1_393' title='bbox 2200 2493 2343 2548; x_wconf 76' lang='lat' dir='ltr'><strong>a-gre</strong></span> <span class='ocrx_word' id='word_1_394' title='bbox 2373 2480 2533 2532; x_wconf 82' lang='lat' dir='ltr'><strong>feret.</strong></span> <span class='ocrx_word' id='word_1_395' title='bbox 2571 2477 2624 2530; x_wconf 76' lang='grc' dir='ltr'><strong>ιιι</strong></span> <span class='ocrx_word' id='word_1_396' title='bbox 2655 2478 2801 2531; x_wconf 87' lang='lat' dir='ltr'><strong>enim</strong></span> <span class='ocrx_word' id='word_1_397' title='bbox 2826 2476 2971 2547; x_wconf 90' lang='lat' dir='ltr'><strong>quod</strong></span> <span class='ocrx_word' id='word_1_398' title='bbox 2997 2477 3111 2547; x_wconf 90' lang='lat' dir='ltr'><strong>jam</strong></span> <span class='ocrx_word' id='word_1_399' title='bbox 3143 2485 3400 2546; x_wconf 79' lang='lat' dir='ltr'><strong>expertus</strong></span> <span class='ocrx_word' id='word_1_400' title='bbox 3427 2484 3534 2540; x_wconf 85' lang='lat' dir='ltr'><strong>est,</strong></span> 
     </span>
    </p>
   </div>
   <div class='ocr_carea' id='block_1_56' title="bbox 1951 2568 2793 2645">
    <p class='ocr_par' dir='ltr' id='par_1_56' title="bbox 1951 2568 2793 2645">
     <span class='ocr_line' id='line_1_56' title="bbox 1951 2568 2793 2645; baseline 0.001 -22"><span class='ocrx_word' id='word_1_401' title='bbox 1951 2570 2239 2645; x_wconf 83' lang='lat' dir='ltr'><strong>molestum</strong></span> <span class='ocrx_word' id='word_1_402' title='bbox 2273 2578 2357 2623; x_wconf 89' lang='lat' dir='ltr'><strong>est</strong></span> <span class='ocrx_word' id='word_1_403' title='bbox 2398 2569 2442 2623; x_wconf 90' lang='lat' dir='ltr'><strong>si</strong></span> <span class='ocrx_word' id='word_1_404' title='bbox 2483 2568 2793 2624; x_wconf 83' lang='lat' dir='ltr'><strong>auferatur.</strong></span> 
     </span>
    </p>
   </div>
   <div class='ocr_carea' id='block_1_57' title="bbox 2014 2658 3535 2717">
    <p class='ocr_par' dir='ltr' id='par_1_57' title="bbox 2014 2658 3535 2717">
     <span class='ocr_line' id='line_1_57' title="bbox 2014 2658 3535 2717; baseline -0.001 -5"><span class='ocrx_word' id='word_1_405' title='bbox 2014 2659 2270 2717; x_wconf 72' lang='lat' dir='ltr'><strong>ZONAll.</strong></span> <span class='ocrx_word' id='word_1_406' title='bbox 2309 2658 2365 2714; x_wconf 88' lang='lat' dir='ltr'><strong>Si</strong></span> <span class='ocrx_word' id='word_1_407' title='bbox 2406 2661 2528 2714; x_wconf 86' lang='lat' dir='ltr'><strong>laici</strong></span> <span class='ocrx_word' id='word_1_408' title='bbox 2566 2676 2708 2713; x_wconf 81' lang='lat' dir='ltr'><strong>uxor</strong></span> <span class='ocrx_word' id='word_1_409' title='bbox 2764 2658 3020 2713; x_wconf 88' lang='lat' dir='ltr'><strong>adulterii</strong></span> <span class='ocrx_word' id='word_1_410' title='bbox 3067 2658 3362 2715; x_wconf 84' lang='lat' dir='ltr'><strong>manifesto</strong></span> <span class='ocrx_word' id='word_1_411' title='bbox 3399 2674 3535 2713; x_wconf 80' lang='lat' dir='ltr'><strong>con-</strong></span> 
     </span>
    </p>
   </div>
   <div class='ocr_carea' id='block_1_58' title="bbox 1942 2747 3539 2821">
    <p class='ocr_par' dir='ltr' id='par_1_58' title="bbox 1942 2747 3539 2821">
     <span class='ocr_line' id='line_1_58' title="bbox 1942 2747 3539 2821; baseline -0.002 -17"><span class='ocrx_word' id='word_1_412' title='bbox 1942 2751 2087 2805; x_wconf 84' lang='lat' dir='ltr'><strong>victa</strong></span> <span class='ocrx_word' id='word_1_413' title='bbox 2114 2752 2205 2816; x_wconf 91' lang='lat' dir='ltr'><strong>sit,</strong></span> <span class='ocrx_word' id='word_1_414' title='bbox 2240 2752 2362 2821; x_wconf 89' lang='lat' dir='ltr'><strong>ejus</strong></span> <span class='ocrx_word' id='word_1_415' title='bbox 2392 2752 2569 2806; x_wconf 90' lang='lat' dir='ltr'><strong>virum</strong></span> <span class='ocrx_word' id='word_1_416' title='bbox 2604 2767 2632 2804; x_wconf 90' lang='lat' dir='ltr'><strong>a</strong></span> <span class='ocrx_word' id='word_1_417' title='bbox 2670 2749 2996 2815; x_wconf 83' lang='lat' dir='ltr'><strong>ministerio,</strong></span> <span class='ocrx_word' id='word_1_418' title='bbox 3036 2764 3064 2803; x_wconf 90' lang='lat' dir='ltr'><strong>a</strong></span> <span class='ocrx_word' id='word_1_419' title='bbox 3099 2763 3384 2803; x_wconf 86' lang='lat' dir='ltr'><strong>sacrorum</strong></span> <span class='ocrx_word' id='word_1_420' title='bbox 3427 2747 3539 2803; x_wconf 88' lang='lat' dir='ltr'><strong>sci-</strong></span> 
     </span>
    </p>
   </div>
   <div class='ocr_carea' id='block_1_59' title="bbox 1944 2838 3537 2914">
    <p class='ocr_par' dir='ltr' id='par_1_59' title="bbox 1944 2838 3537 2914">
     <span class='ocr_line' id='line_1_59' title="bbox 1944 2838 3537 2914; baseline -0.004 -15"><span class='ocrx_word' id='word_1_421' title='bbox 1944 2844 2077 2899; x_wconf 91' lang='lat' dir='ltr'><strong>licet</strong></span> <span class='ocrx_word' id='word_1_422' title='bbox 2119 2844 2376 2898; x_wconf 90' lang='lat' dir='ltr'><strong>ordinum</strong></span> <span class='ocrx_word' id='word_1_423' title='bbox 2424 2844 2819 2911; x_wconf 84' lang='lat' dir='ltr'><strong>susceptioue,</strong></span> <span class='ocrx_word' id='word_1_424' title='bbox 2869 2841 3045 2896; x_wconf 91' lang='lat' dir='ltr'><strong>arceri</strong></span> <span class='ocrx_word' id='word_1_425' title='bbox 3096 2838 3322 2914; x_wconf 88' lang='lat' dir='ltr'><strong>[canon]</strong></span> <span class='ocrx_word' id='word_1_426' title='bbox 3360 2839 3537 2910; x_wconf 86' lang='lat' dir='ltr'><strong>jubet;</strong></span> 
     </span>
    </p>
   </div>
   <div class='ocr_carea' id='block_1_60' title="bbox 1945 2932 3540 2997">
    <p class='ocr_par' dir='ltr' id='par_1_60' title="bbox 1945 2932 3540 2997">
     <span class='ocr_line' id='line_1_60' title="bbox 1945 2932 3540 2997; baseline -0.001 -8"><span class='ocrx_word' id='word_1_427' title='bbox 1945 2936 2110 2990; x_wconf 91' lang='lat' dir='ltr'><strong>modo</strong></span> <span class='ocrx_word' id='word_1_428' title='bbox 2160 2944 2340 2989; x_wconf 88' lang='lat' dir='ltr'><strong>tamen</strong></span> <span class='ocrx_word' id='word_1_429' title='bbox 2394 2934 2704 2988; x_wconf 84' lang='lat' dir='ltr'><strong>manifestis</strong></span> <span class='ocrx_word' id='word_1_430' title='bbox 2756 2934 2975 2988; x_wconf 87' lang='lat' dir='ltr'><strong>indiciis</strong></span> <span class='ocrx_word' id='word_1_431' title='bbox 3020 2933 3273 2987; x_wconf 83' lang='lat' dir='ltr'><strong>convicta</strong></span> <span class='ocrx_word' id='word_1_432' title='bbox 3322 2932 3540 2997; x_wconf 88' lang='lat' dir='ltr'><strong>mulier,</strong></span> 
     </span>
    </p>
   </div>
   <div class='ocr_carea' id='block_1_61' title="bbox 1946 3025 3539 3097">
    <p class='ocr_par' dir='ltr' id='par_1_61' title="bbox 1946 3025 3539 3097">
     <span class='ocr_line' id='line_1_61' title="bbox 1946 3025 3539 3097; baseline -0.003 -15"><span class='ocrx_word' id='word_1_433' title='bbox 1946 3044 2057 3082; x_wconf 91' lang='lat' dir='ltr'><strong>non</strong></span> <span class='ocrx_word' id='word_1_434' title='bbox 2093 3037 2277 3082; x_wconf 88' lang='lat' dir='ltr'><strong>autem</strong></span> <span class='ocrx_word' id='word_1_435' title='bbox 2306 3027 2387 3080; x_wconf 80' lang='lat' dir='ltr'><strong>vel</strong></span> <span class='ocrx_word' id='word_1_436' title='bbox 2416 3027 2736 3097; x_wconf 89' lang='lat' dir='ltr'><strong>suspicione</strong></span> <span class='ocrx_word' id='word_1_437' title='bbox 2769 3034 2977 3080; x_wconf 90' lang='lat' dir='ltr'><strong>tantum</strong></span> <span class='ocrx_word' id='word_1_438' title='bbox 3005 3034 3215 3091; x_wconf 85' lang='lat' dir='ltr'><strong>notata,</strong></span> <span class='ocrx_word' id='word_1_439' title='bbox 3245 3025 3327 3081; x_wconf 82' lang='lat' dir='ltr'><strong>vel</strong></span> <span class='ocrx_word' id='word_1_440' title='bbox 3356 3026 3425 3080; x_wconf 88' lang='lat' dir='ltr'><strong>ab</strong></span> <span class='ocrx_word' id='word_1_441' title='bbox 3449 3027 3539 3091; x_wconf 85' lang='lat' dir='ltr'><strong>iis,</strong></span> 
     </span>
    </p>
   </div>
   <div class='ocr_carea' id='block_1_62' title="bbox 258 3104 1845 3201">
    <p class='ocr_par' dir='ltr' id='par_1_62' title="bbox 258 3104 1845 3188">
     <span class='ocr_line' id='line_1_62' title="bbox 258 3104 1845 3188; baseline -0.01 -14"><span class='ocrx_word' id='word_1_442' title='bbox 258 3118 614 3188; x_wconf 81' lang='grc' dir='ltr'>κατηγορεῖν,</span> <span class='ocrx_word' id='word_1_443' title='bbox 672 3114 807 3167; x_wconf 83' lang='grc' dir='ltr'>ἀλλὰ</span> <span class='ocrx_word' id='word_1_444' title='bbox 859 3113 1044 3185; x_wconf 81' lang='grc' dir='ltr'>ῥητοῖς</span> <span class='ocrx_word' id='word_1_445' title='bbox 1091 3107 1424 3179; x_wconf 83' lang='grc' dir='ltr'>προσώπων.</span> <span class='ocrx_word' id='word_1_446' title='bbox 1463 3109 1538 3163; x_wconf 77' lang='grc' dir='ltr'><strong>Οὐ</strong></span> <span class='ocrx_word' id='word_1_447' title='bbox 1612 3111 1723 3179; x_wconf 77' lang='grc' dir='ltr'>γὰρ</span> <span class='ocrx_word' id='word_1_448' title='bbox 1770 3104 1845 3177; x_wconf 79' lang='grc' dir='ltr'><strong>τῷ</strong></span> 
     </span>
    </p>
   </div>
   <div class='ocr_carea' id='block_1_63' title="bbox 1949 3104 3538 3201">
    <p class='ocr_par' dir='ltr' id='par_1_63' title="bbox 1953 3116 3538 3190">
     <span class='ocr_line' id='line_1_63' title="bbox 1953 3116 3538 3190; baseline -0.003 -17"><span class='ocrx_word' id='word_1_449' title='bbox 1953 3120 2155 3190; x_wconf 82' lang='lat' dir='ltr'><strong>quibus</strong></span> <span class='ocrx_word' id='word_1_450' title='bbox 2205 3132 2402 3172; x_wconf 89' lang='lat' dir='ltr'><strong>nomen</strong></span> <span class='ocrx_word' id='word_1_451' title='bbox 2453 3118 2597 3170; x_wconf 89' lang='lat' dir='ltr'><strong>illius</strong></span> <span class='ocrx_word' id='word_1_452' title='bbox 2647 3116 2924 3171; x_wconf 83' lang='lat' dir='ltr'><strong>deferendi</strong></span> <span class='ocrx_word' id='word_1_453' title='bbox 2976 3124 3222 3185; x_wconf 85' lang='lat' dir='ltr'><strong>potestas</strong></span> <span class='ocrx_word' id='word_1_454' title='bbox 3275 3129 3386 3169; x_wconf 88' lang='lat' dir='ltr'><strong>non</strong></span> <span class='ocrx_word' id='word_1_455' title='bbox 3432 3126 3538 3182; x_wconf 85' lang='lat' dir='ltr'><strong>est,</strong></span> 
     </span>
    </p>
   </div>
   <div class='ocr_carea' id='block_1_64' title="bbox 261 3200 1842 3283">
    <p class='ocr_par' dir='ltr' id='par_1_64' title="bbox 261 3200 1842 3283">
     <span class='ocr_line' id='line_1_64' title="bbox 261 3200 1842 3283; baseline -0.006 -20"><span class='ocrx_word' id='word_1_456' title='bbox 261 3210 577 3283; x_wconf 79' lang='grc' dir='ltr'>βουλομένῳ</span> <span class='ocrx_word' id='word_1_457' title='bbox 635 3208 851 3275; x_wconf 79' lang='grc' dir='ltr'>ἐφεῖται</span> <span class='ocrx_word' id='word_1_458' title='bbox 910 3204 1042 3274; x_wconf 76' lang='grc' dir='ltr'>περὶ</span> <span class='ocrx_word' id='word_1_459' title='bbox 1082 3200 1330 3274; x_wconf 87' lang='grc' dir='ltr'>μοιχείας</span> <span class='ocrx_word' id='word_1_460' title='bbox 1390 3204 1718 3270; x_wconf 84' lang='grc' dir='ltr'>κατηγορεῖν</span> <span class='ocrx_word' id='word_1_461' title='bbox 1783 3202 1842 3254; x_wconf 80' lang='grc' dir='ltr'><strong>οὐ</strong></span> 
     </span>
    </p>
   </div>
   <div class='ocr_carea' id='block_1_65' title="bbox 257 3296 1853 3373">
    <p class='ocr_par' dir='ltr' id='par_1_65' title="bbox 257 3296 1853 3373">
     <span class='ocr_line' id='line_1_65' title="bbox 257 3296 1853 3373; baseline -0.006 -16"><span class='ocrx_word' id='word_1_462' title='bbox 257 3302 581 3373; x_wconf 81' lang='grc' dir='ltr'>δυναμένων</span> <span class='ocrx_word' id='word_1_463' title='bbox 608 3299 776 3369; x_wconf 81' lang='grc' dir='ltr'>αὐτῆς</span> <span class='ocrx_word' id='word_1_464' title='bbox 807 3297 1137 3369; x_wconf 82' lang='grc' dir='ltr'>προσώπων.</span> <span class='ocrx_word' id='word_1_465' title='bbox 1166 3298 1241 3351; x_wconf 82' lang='grc' dir='ltr'><strong>Οὐ</strong></span> <span class='ocrx_word' id='word_1_466' title='bbox 1270 3296 1379 3369; x_wconf 84' lang='grc' dir='ltr'>γὰρ</span> <span class='ocrx_word' id='word_1_467' title='bbox 1402 3296 1480 3368; x_wconf 83' lang='grc' dir='ltr'>τῷ</span> <span class='ocrx_word' id='word_1_468' title='bbox 1537 3297 1853 3368; x_wconf 81' lang='grc' dir='ltr'>βουλομένῳ</span> 
     </span>
    </p>
   </div>
   <div class='ocr_carea' id='block_1_66' title="bbox 260 3390 1849 3462">
    <p class='ocr_par' dir='ltr' id='par_1_66' title="bbox 260 3390 1849 3462">
     <span class='ocr_line' id='line_1_66' title="bbox 260 3390 1849 3462; baseline -0.004 -14"><span class='ocrx_word' id='word_1_469' title='bbox 260 3396 475 3461; x_wconf 71' lang='grc' dir='ltr'>ιφεῖται</span> <span class='ocrx_word' id='word_1_470' title='bbox 553 3393 681 3462; x_wconf 62' lang='grc' dir='ltr'><strong>’περὶ⁸</strong></span> <span class='ocrx_word' id='word_1_471' title='bbox 758 3390 1001 3461; x_wconf 81' lang='grc' dir='ltr'>μοιχείας</span> <span class='ocrx_word' id='word_1_472' title='bbox 1080 3390 1405 3461; x_wconf 80' lang='grc' dir='ltr'>κατηγορεῖν</span> <span class='ocrx_word' id='word_1_473' title='bbox 1466 3390 1602 3442; x_wconf 85' lang='grc' dir='ltr'>ἀλλὰ</span> <span class='ocrx_word' id='word_1_474' title='bbox 1680 3408 1849 3461; x_wconf 85' lang='grc' dir='ltr'>προσ-</span> 
     </span>
    </p>
   </div>
   <div class='ocr_carea' id='block_1_67' title="bbox 257 3483 1854 3558">
    <p class='ocr_par' dir='ltr' id='par_1_67' title="bbox 257 3483 1854 3558">
     <span class='ocr_line' id='line_1_67' title="bbox 257 3483 1854 3558; baseline -0.003 -16"><span class='ocrx_word' id='word_1_475' title='bbox 257 3490 456 3550; x_wconf 84' lang='grc' dir='ltr'>ώποις.</span> <span class='ocrx_word' id='word_1_476' title='bbox 507 3485 634 3539; x_wconf 84' lang='grc' dir='ltr'><strong>Ἐὰν</strong></span> <span class='ocrx_word' id='word_1_477' title='bbox 686 3485 743 3538; x_wconf 76' lang='grc' dir='ltr'>δὲ</span> <span class='ocrx_word' id='word_1_478' title='bbox 805 3483 901 3537; x_wconf 76' lang='grc' dir='ltr'>καὶ</span> <span class='ocrx_word' id='word_1_479' title='bbox 976 3483 1277 3553; x_wconf 75' lang='grc' dir='ltr'>ἱερωμένου</span> <span class='ocrx_word' id='word_1_480' title='bbox 1366 3484 1507 3555; x_wconf 86' lang='grc' dir='ltr'>γυνὴ</span> <span class='ocrx_word' id='word_1_481' title='bbox 1564 3485 1854 3558; x_wconf 75' lang='grc' dir='ltr'>μοιχευθῇ,</span> 
     </span>
    </p>
   </div>
   <div class='ocr_carea' id='block_1_68' title="bbox 261 3575 1855 3648">
    <p class='ocr_par' dir='ltr' id='par_1_68' title="bbox 261 3575 1855 3648">
     <span class='ocr_line' id='line_1_68' title="bbox 261 3575 1855 3648; baseline 0.001 -17"><span class='ocrx_word' id='word_1_482' title='bbox 261 3578 534 3632; x_wconf 75' lang='grc' dir='ltr'>ἁπολῦσαι</span> <span class='ocrx_word' id='word_1_483' title='bbox 560 3576 734 3648; x_wconf 82' lang='grc' dir='ltr'>αὐτὴν</span> <span class='ocrx_word' id='word_1_484' title='bbox 752 3575 984 3647; x_wconf 81' lang='grc' dir='ltr'>ὀφείλει,</span> <span class='ocrx_word' id='word_1_485' title='bbox 1010 3576 1256 3629; x_wconf 85' lang='grc' dir='ltr'>τουτέστι</span> <span class='ocrx_word' id='word_1_486' title='bbox 1277 3575 1604 3647; x_wconf 80' lang='grc' dir='ltr'>διαζυγῆναι</span> <span class='ocrx_word' id='word_1_487' title='bbox 1634 3578 1806 3647; x_wconf 79' lang='grc' dir='ltr'>αὐτῆς</span> <span class='ocrx_word' id='word_1_488' title='bbox 1838 3615 1855 3632; x_wconf 90' lang='grc'><strong>.</strong></span> 
     </span>
    </p>
   </div>
   <div class='ocr_carea' id='block_1_69' title="bbox 263 3666 1857 3740">
    <p class='ocr_par' dir='ltr' id='par_1_69' title="bbox 263 3666 1857 3740">
     <span class='ocr_line' id='line_1_69' title="bbox 263 3666 1857 3740; baseline -0.003 -16"><span class='ocrx_word' id='word_1_489' title='bbox 263 3673 315 3724; x_wconf 83' lang='grc' dir='ltr'>εἰ</span> <span class='ocrx_word' id='word_1_490' title='bbox 345 3671 402 3724; x_wconf 79' lang='grc' dir='ltr'>δὲ</span> <span class='ocrx_word' id='word_1_491' title='bbox 437 3669 608 3740; x_wconf 76' lang='grc' dir='ltr'>συζῇν</span> <span class='ocrx_word' id='word_1_492' title='bbox 638 3670 777 3740; x_wconf 76' lang='grc' dir='ltr'>αὐτῇ</span> <span class='ocrx_word' id='word_1_493' title='bbox 828 3667 1103 3738; x_wconf 86' lang='grc' dir='ltr'>βούλεται,</span> <span class='ocrx_word' id='word_1_494' title='bbox 1159 3666 1428 3719; x_wconf 86' lang='grc' dir='ltr'>κωλύεται</span> <span class='ocrx_word' id='word_1_495' title='bbox 1460 3670 1560 3735; x_wconf 87' lang='grc' dir='ltr'><strong>τῆς</strong></span> <span class='ocrx_word' id='word_1_496' title='bbox 1615 3669 1857 3738; x_wconf 75' lang='grc' dir='ltr'>ἐγχειρι-</span> 
     </span>
    </p>
   </div>
   <div class='ocr_carea' id='block_1_70' title="bbox 266 3758 1858 3831">
    <p class='ocr_par' dir='ltr' id='par_1_70' title="bbox 266 3758 1858 3831">
     <span class='ocr_line' id='line_1_70' title="bbox 266 3758 1858 3831; baseline -0.003 -13"><span class='ocrx_word' id='word_1_497' title='bbox 266 3764 492 3831; x_wconf 79' lang='grc' dir='ltr'>σθείσης</span> <span class='ocrx_word' id='word_1_498' title='bbox 520 3761 671 3831; x_wconf 83' lang='grc' dir='ltr'>αὑτῷ</span> <span class='ocrx_word' id='word_1_499' title='bbox 710 3761 1007 3826; x_wconf 86' lang='grc' dir='ltr'>διακονίας,</span> <span class='ocrx_word' id='word_1_500' title='bbox 1045 3760 1165 3830; x_wconf 80' lang='grc' dir='ltr'>ἦτοι</span> <span class='ocrx_word' id='word_1_501' title='bbox 1235 3761 1328 3812; x_wconf 87' lang='grc' dir='ltr'>τοῦ</span> <span class='ocrx_word' id='word_1_502' title='bbox 1381 3758 1593 3830; x_wconf 82' lang='grc' dir='ltr'>βαθμοῦ</span> <span class='ocrx_word' id='word_1_503' title='bbox 1656 3761 1736 3823; x_wconf 90' lang='grc' dir='ltr'><strong>είς</strong></span> <span class='ocrx_word' id='word_1_504' title='bbox 1797 3760 1858 3813; x_wconf 83' lang='grc' dir='ltr'>ὃν</span> 
     </span>
    </p>
   </div>
   <div class='ocr_carea' id='block_1_71' title="bbox 265 3852 1856 3927">
    <p class='ocr_par' dir='ltr' id='par_1_71' title="bbox 265 3852 1856 3927">
     <span class='ocr_line' id='line_1_71' title="bbox 265 3852 1856 3927; baseline -0.004 -16"><span class='ocrx_word' id='word_1_505' title='bbox 265 3857 603 3927; x_wconf 83' lang='grc' dir='ltr'>κατετάχθη.</span> <span class='ocrx_word' id='word_1_506' title='bbox 688 3856 755 3907; x_wconf 81' lang='grc' dir='ltr'><strong>Ἠ</strong></span> <span class='ocrx_word' id='word_1_507' title='bbox 783 3854 893 3922; x_wconf 86' lang='grc' dir='ltr'><strong>γὰρ</strong></span> <span class='ocrx_word' id='word_1_508' title='bbox 967 3852 1323 3923; x_wconf 85' lang='grc' dir='ltr'>μοιχευθεῖσα</span> <span class='ocrx_word' id='word_1_509' title='bbox 1366 3852 1664 3921; x_wconf 87' lang='grc' dir='ltr'>μεμίανται</span> <span class='ocrx_word' id='word_1_510' title='bbox 1702 3869 1716 3883; x_wconf 86' lang='grc'><strong>·</strong></span> <span class='ocrx_word' id='word_1_511' title='bbox 1743 3853 1772 3903; x_wconf 93' lang='lat'><strong>6</strong></span> <span class='ocrx_word' id='word_1_512' title='bbox 1799 3852 1856 3904; x_wconf 85' lang='grc' dir='ltr'>δὲ</span> 
     </span>
    </p>
   </div>
   <div class='ocr_carea' id='block_1_72' title="bbox 261 3942 1856 4022">
    <p class='ocr_par' dir='ltr' id='par_1_72' title="bbox 261 3942 1856 4022">
     <span class='ocr_line' id='line_1_72' title="bbox 261 3942 1856 4022; baseline -0.006 -19"><span class='ocrx_word' id='word_1_513' title='bbox 261 3950 442 4022; x_wconf 79' lang='grc' dir='ltr'>ταύτῃ</span> <span class='ocrx_word' id='word_1_514' title='bbox 463 3948 797 4020; x_wconf 80' lang='grc' dir='ltr'>μιγνύμενος</span> <span class='ocrx_word' id='word_1_515' title='bbox 831 3945 888 3997; x_wconf 79' lang='grc' dir='ltr'><strong>ἒν</strong></span> <span class='ocrx_word' id='word_1_516' title='bbox 912 3947 1071 4015; x_wconf 82' lang='grc' dir='ltr'>σῶμα</span> <span class='ocrx_word' id='word_1_517' title='bbox 1101 3945 1333 4013; x_wconf 87' lang='grc' dir='ltr'>γίνεται,</span> <span class='ocrx_word' id='word_1_518' title='bbox 1368 3942 1460 3997; x_wconf 80' lang='grc' dir='ltr'><strong>καὶ</strong></span> <span class='ocrx_word' id='word_1_519' title='bbox 1487 3942 1674 3995; x_wconf 86' lang='grc' dir='ltr'>λοιπὸν</span> <span class='ocrx_word' id='word_1_520' title='bbox 1725 3959 1856 4013; x_wconf 89' lang='grc' dir='ltr'>μετ-</span> 
     </span>
    </p>
   </div>
   <div class='ocr_carea' id='block_1_73' title="bbox 269 4035 1849 4114">
    <p class='ocr_par' dir='ltr' id='par_1_73' title="bbox 269 4035 1849 4114">
     <span class='ocr_line' id='line_1_73' title="bbox 269 4035 1849 4114; baseline -0.006 -16"><span class='ocrx_word' id='word_1_521' title='bbox 269 4045 663 4114; x_wconf 80' lang='grc' dir='ltr'>έχεικάκεῖνος</span> <span class='ocrx_word' id='word_1_522' title='bbox 699 4040 794 4093; x_wconf 79' lang='grc' dir='ltr'>τοῦ</span> <span class='ocrx_word' id='word_1_523' title='bbox 851 4040 1185 4108; x_wconf 81' lang='grc' dir='ltr'>μιάσματος.</span> <span class='ocrx_word' id='word_1_524' title='bbox 1248 4036 1308 4089; x_wconf 85' lang='lat'><strong>&#39;0</strong></span> <span class='ocrx_word' id='word_1_525' title='bbox 1359 4035 1416 4089; x_wconf 81' lang='grc' dir='ltr'>δὲ</span> <span class='ocrx_word' id='word_1_526' title='bbox 1472 4037 1849 4107; x_wconf 82' lang='grc' dir='ltr'>μεμιασμένος</span> 
     </span>
    </p>
   </div>
   <div class='ocr_carea' id='block_1_74' title="bbox 267 4128 1531 4206">
    <p class='ocr_par' dir='ltr' id='par_1_74' title="bbox 267 4128 1531 4206">
     <span class='ocr_line' id='line_1_74' title="bbox 267 4128 1531 4206; baseline -0.008 -16"><span class='ocrx_word' id='word_1_527' title='bbox 267 4137 386 4198; x_wconf 86' lang='grc' dir='ltr'>πῶς</span> <span class='ocrx_word' id='word_1_528' title='bbox 414 4136 738 4206; x_wconf 81' lang='grc' dir='ltr'>δεχθήσεται</span> <span class='ocrx_word' id='word_1_529' title='bbox 763 4131 845 4196; x_wconf 74' lang='grc' dir='ltr'>εἷς</span> <span class='ocrx_word' id='word_1_530' title='bbox 868 4149 921 4183; x_wconf 87' lang='grc' dir='ltr'><strong>τι</strong></span> <span class='ocrx_word' id='word_1_531' title='bbox 955 4132 1101 4184; x_wconf 90' lang='grc' dir='ltr'>θεῖον</span> <span class='ocrx_word' id='word_1_532' title='bbox 1124 4128 1531 4199; x_wconf 85' lang='grc' dir='ltr'>λειτούργημα;</span> 
     </span>
    </p>
   </div>
   <div class='ocr_carea' id='block_1_75' title="bbox 1956 3208 3541 3276">
    <p class='ocr_par' dir='ltr' id='par_1_75' title="bbox 1956 3208 3541 3276">
     <span class='ocr_line' id='line_1_75' title="bbox 1956 3208 3541 3276; baseline -0.004 -10"><span class='ocrx_word' id='word_1_533' title='bbox 1956 3220 2211 3266; x_wconf 55' lang='lat' dir='ltr'><strong>accusata</strong></span> <span class='ocrx_word' id='word_1_534' title='bbox 2252 3209 2437 3265; x_wconf 86' lang='lat' dir='ltr'><strong>fuerit.</strong></span> <span class='ocrx_word' id='word_1_535' title='bbox 2478 3208 2587 3263; x_wconf 87' lang='lat' dir='ltr'><strong>Nec</strong></span> <span class='ocrx_word' id='word_1_536' title='bbox 2622 3208 2767 3263; x_wconf 89' lang='lat' dir='ltr'><strong>enim</strong></span> <span class='ocrx_word' id='word_1_537' title='bbox 2805 3208 3121 3276; x_wconf 83' lang='lat' dir='ltr'><strong>cuicunque</strong></span> <span class='ocrx_word' id='word_1_538' title='bbox 3159 3208 3359 3262; x_wconf 87' lang='lat' dir='ltr'><strong>volenti</strong></span> <span class='ocrx_word' id='word_1_539' title='bbox 3390 3247 3404 3271; x_wconf 93' lang='lat'><strong>,</strong></span> <span class='ocrx_word' id='word_1_540' title='bbox 3446 3208 3541 3262; x_wconf 86' lang='lat' dir='ltr'><strong>sed</strong></span> 
     </span>
    </p>
   </div>
   <div class='ocr_carea' id='block_1_76' title="bbox 1954 3299 3539 3371">
    <p class='ocr_par' dir='ltr' id='par_1_76' title="bbox 1954 3299 3539 3371">
     <span class='ocr_line' id='line_1_76' title="bbox 1954 3299 3539 3371; baseline -0.004 -12"><span class='ocrx_word' id='word_1_541' title='bbox 1954 3303 2124 3359; x_wconf 89' lang='lat' dir='ltr'><strong>certis</strong></span> <span class='ocrx_word' id='word_1_542' title='bbox 2180 3311 2396 3356; x_wconf 88' lang='lat' dir='ltr'><strong>tantum</strong></span> <span class='ocrx_word' id='word_1_543' title='bbox 2450 3300 2780 3371; x_wconf 81' lang='lat' dir='ltr'><strong>quibusdam</strong></span> <span class='ocrx_word' id='word_1_544' title='bbox 2839 3299 3193 3364; x_wconf 86' lang='lat' dir='ltr'><strong>hominibus,</strong></span> <span class='ocrx_word' id='word_1_545' title='bbox 3250 3300 3539 3353; x_wconf 90' lang='lat' dir='ltr'><strong>mulierem</strong></span> 
     </span>
    </p>
   </div>
   <div class='ocr_carea' id='block_1_77' title="bbox 1957 3391 3546 3465">
    <p class='ocr_par' dir='ltr' id='par_1_77' title="bbox 1957 3391 3546 3465">
     <span class='ocr_line' id='line_1_77' title="bbox 1957 3391 3546 3465; baseline -0.002 -16"><span class='ocrx_word' id='word_1_546' title='bbox 1957 3395 2211 3451; x_wconf 88' lang='lat' dir='ltr'><strong>adulterii</strong></span> <span class='ocrx_word' id='word_1_547' title='bbox 2253 3410 2402 3449; x_wconf 86' lang='lat' dir='ltr'><strong>ream</strong></span> <span class='ocrx_word' id='word_1_548' title='bbox 2430 3408 2593 3465; x_wconf 82' lang='lat' dir='ltr'><strong>agere</strong></span> <span class='ocrx_word' id='word_1_549' title='bbox 2620 3408 2945 3448; x_wconf 89' lang='lat' dir='ltr'><strong>concessum</strong></span> <span class='ocrx_word' id='word_1_550' title='bbox 2984 3403 3088 3447; x_wconf 89' lang='lat' dir='ltr'><strong>est.</strong></span> <span class='ocrx_word' id='word_1_551' title='bbox 3117 3391 3275 3459; x_wconf 83' lang='lat' dir='ltr'><strong>Quod</strong></span> <span class='ocrx_word' id='word_1_552' title='bbox 3310 3393 3355 3447; x_wconf 91' lang='lat' dir='ltr'><strong>si</strong></span> <span class='ocrx_word' id='word_1_553' title='bbox 3389 3391 3546 3446; x_wconf 88' lang='lat' dir='ltr'><strong>adul-</strong></span> 
     </span>
    </p>
   </div>
   <div class='ocr_carea' id='block_1_78' title="bbox 1957 3481 3545 3552">
    <p class='ocr_par' dir='ltr' id='par_1_78' title="bbox 1957 3481 3545 3552">
     <span class='ocr_line' id='line_1_78' title="bbox 1957 3481 3545 3552; baseline -0.004 -10"><span class='ocrx_word' id='word_1_554' title='bbox 1957 3490 2152 3544; x_wconf 90' lang='lat' dir='ltr'><strong>terium</strong></span> <span class='ocrx_word' id='word_1_555' title='bbox 2190 3500 2351 3540; x_wconf 90' lang='lat' dir='ltr'><strong>sacro</strong></span> <span class='ocrx_word' id='word_1_556' title='bbox 2382 3486 2577 3539; x_wconf 87' lang='lat' dir='ltr'><strong>ordine</strong></span> <span class='ocrx_word' id='word_1_557' title='bbox 2612 3482 2810 3538; x_wconf 89' lang='lat' dir='ltr'><strong>initiati</strong></span> <span class='ocrx_word' id='word_1_558' title='bbox 2846 3482 3085 3537; x_wconf 87' lang='lat' dir='ltr'><strong>hominis</strong></span> <span class='ocrx_word' id='word_1_559' title='bbox 3122 3481 3323 3552; x_wconf 80' lang='lat' dir='ltr'><strong>conjux</strong></span> <span class='ocrx_word' id='word_1_560' title='bbox 3360 3492 3545 3552; x_wconf 83' lang='lat' dir='ltr'><strong>patra-</strong></span> 
     </span>
    </p>
   </div>
   <div class='ocr_carea' id='block_1_79' title="bbox 1957 3573 3547 3643">
    <p class='ocr_par' dir='ltr' id='par_1_79' title="bbox 1957 3573 3547 3643">
     <span class='ocr_line' id='line_1_79' title="bbox 1957 3573 3547 3643; baseline -0.006 -8"><span class='ocrx_word' id='word_1_561' title='bbox 1957 3581 2120 3643; x_wconf 89' lang='lat' dir='ltr'><strong>verit,</strong></span> <span class='ocrx_word' id='word_1_562' title='bbox 2154 3592 2271 3632; x_wconf 90' lang='lat' dir='ltr'><strong>eam</strong></span> <span class='ocrx_word' id='word_1_563' title='bbox 2315 3577 2397 3629; x_wconf 90' lang='lat' dir='ltr'><strong>vir</strong></span> <span class='ocrx_word' id='word_1_564' title='bbox 2431 3574 2709 3640; x_wconf 88' lang='lat' dir='ltr'><strong>dimittat,</strong></span> <span class='ocrx_word' id='word_1_565' title='bbox 2750 3574 2855 3628; x_wconf 85' lang='lat' dir='ltr'><strong>hoc</strong></span> <span class='ocrx_word' id='word_1_566' title='bbox 2897 3581 3002 3638; x_wconf 90' lang='lat' dir='ltr'><strong>est,</strong></span> <span class='ocrx_word' id='word_1_567' title='bbox 3043 3573 3114 3626; x_wconf 89' lang='lat' dir='ltr'><strong>ab</strong></span> <span class='ocrx_word' id='word_1_568' title='bbox 3144 3573 3291 3625; x_wconf 87' lang='lat' dir='ltr'><strong>illius</strong></span> <span class='ocrx_word' id='word_1_569' title='bbox 3326 3588 3386 3626; x_wconf 89' lang='lat' dir='ltr'><strong>se</strong></span> <span class='ocrx_word' id='word_1_570' title='bbox 3414 3588 3547 3626; x_wconf 78' lang='lat' dir='ltr'><strong>con-</strong></span> 
     </span>
    </p>
   </div>
   <div class='ocr_carea' id='block_1_80' title="bbox 1954 3663 3545 3734">
    <p class='ocr_par' dir='ltr' id='par_1_80' title="bbox 1954 3663 3545 3734">
     <span class='ocr_line' id='line_1_80' title="bbox 1954 3663 3545 3734; baseline -0.005 -11"><span class='ocrx_word' id='word_1_571' title='bbox 1954 3666 2249 3723; x_wconf 87' lang='lat' dir='ltr'><strong>suetudine</strong></span> <span class='ocrx_word' id='word_1_572' title='bbox 2279 3666 2743 3732; x_wconf 69' lang='lat' dir='ltr'><strong>{commercioque</strong></span> <span class='ocrx_word' id='word_1_573' title='bbox 2799 3663 3097 3734; x_wconf 82' lang='lat' dir='ltr'><strong>sejungat:</strong></span> <span class='ocrx_word' id='word_1_574' title='bbox 3140 3663 3186 3717; x_wconf 86' lang='lat' dir='ltr'><strong>si</strong></span> <span class='ocrx_word' id='word_1_575' title='bbox 3231 3676 3363 3718; x_wconf 85' lang='lat' dir='ltr'><strong>vero</strong></span> <span class='ocrx_word' id='word_1_576' title='bbox 3419 3678 3545 3716; x_wconf 87' lang='lat' dir='ltr'><strong>cum</strong></span> 
     </span>
    </p>
   </div>
   <div class='ocr_carea' id='block_1_81' title="bbox 1954 3751 3546 3821">
    <p class='ocr_par' dir='ltr' id='par_1_81' title="bbox 1954 3751 3546 3821">
     <span class='ocr_line' id='line_1_81' title="bbox 1954 3751 3546 3821; baseline -0.004 -10"><span class='ocrx_word' id='word_1_577' title='bbox 1954 3757 2049 3811; x_wconf 85' lang='lat' dir='ltr'><strong>illa</strong></span> <span class='ocrx_word' id='word_1_578' title='bbox 2082 3756 2205 3808; x_wconf 71' lang='lat' dir='ltr'><strong>vitae</strong></span> <span class='ocrx_word' id='word_1_579' title='bbox 2243 3754 2564 3807; x_wconf 89' lang='lat' dir='ltr'><strong>societatem</strong></span> <span class='ocrx_word' id='word_1_580' title='bbox 2596 3751 2799 3805; x_wconf 86' lang='lat' dir='ltr'><strong>habere</strong></span> <span class='ocrx_word' id='word_1_581' title='bbox 2831 3753 3083 3816; x_wconf 87' lang='lat' dir='ltr'><strong>voluerit,</strong></span> <span class='ocrx_word' id='word_1_582' title='bbox 3117 3752 3296 3821; x_wconf 85' lang='lat' dir='ltr'><strong>ipsum</strong></span> <span class='ocrx_word' id='word_1_583' title='bbox 3331 3767 3360 3804; x_wconf 90' lang='lat' dir='ltr'><strong>a</strong></span> <span class='ocrx_word' id='word_1_584' title='bbox 3393 3767 3546 3805; x_wconf 75' lang='lat' dir='ltr'><strong>com-</strong></span> 
     </span>
    </p>
   </div>
   <div class='ocr_carea' id='block_1_82' title="bbox 1956 3843 3548 3914">
    <p class='ocr_par' dir='ltr' id='par_1_82' title="bbox 1956 3843 3548 3914">
     <span class='ocr_line' id='line_1_82' title="bbox 1956 3843 3548 3914; baseline -0.004 -11"><span class='ocrx_word' id='word_1_585' title='bbox 1956 3850 2131 3903; x_wconf 90' lang='lat' dir='ltr'><strong>misso</strong></span> <span class='ocrx_word' id='word_1_586' title='bbox 2151 3845 2498 3909; x_wconf 85' lang='lat' dir='ltr'><strong>.ministerio,</strong></span> <span class='ocrx_word' id='word_1_587' title='bbox 2534 3843 2638 3897; x_wconf 84' lang='lat' dir='ltr'><strong>hoc</strong></span> <span class='ocrx_word' id='word_1_588' title='bbox 2675 3851 2780 3908; x_wconf 86' lang='lat' dir='ltr'><strong>est,</strong></span> <span class='ocrx_word' id='word_1_589' title='bbox 2812 3858 2843 3896; x_wconf 89' lang='lat' dir='ltr'><strong>a</strong></span> <span class='ocrx_word' id='word_1_590' title='bbox 2878 3844 2962 3897; x_wconf 89' lang='lat' dir='ltr'><strong>sui</strong></span> <span class='ocrx_word' id='word_1_591' title='bbox 2992 3843 3205 3898; x_wconf 91' lang='lat' dir='ltr'><strong>ordinis</strong></span> <span class='ocrx_word' id='word_1_592' title='bbox 3239 3844 3435 3914; x_wconf 76' lang='lat' dir='ltr'><strong>gradu,</strong></span> <span class='ocrx_word' id='word_1_593' title='bbox 3463 3843 3548 3898; x_wconf 81' lang='lat' dir='ltr'><strong>di-</strong></span> 
     </span>
    </p>
   </div>
   <div class='ocr_carea' id='block_1_83' title="bbox 1960 3933 3546 4005">
    <p class='ocr_par' dir='ltr' id='par_1_83' title="bbox 1960 3933 3546 4005">
     <span class='ocr_line' id='line_1_83' title="bbox 1960 3933 3546 4005; baseline -0.003 -11"><span class='ocrx_word' id='word_1_594' title='bbox 1960 3939 2170 3995; x_wconf 80' lang='lat' dir='ltr'><strong>moveri</strong></span> <span class='ocrx_word' id='word_1_595' title='bbox 2221 3937 2502 3991; x_wconf 87' lang='lat' dir='ltr'><strong>decretutn</strong></span> <span class='ocrx_word' id='word_1_596' title='bbox 2555 3943 2664 3991; x_wconf 83' lang='lat' dir='ltr'><strong>est.</strong></span> <span class='ocrx_word' id='word_1_597' title='bbox 2716 3933 2939 3988; x_wconf 84' lang='lat' dir='ltr'><strong>Patrato</strong></span> <span class='ocrx_word' id='word_1_598' title='bbox 2991 3949 3230 4005; x_wconf 87' lang='lat' dir='ltr'><strong>namque</strong></span> <span class='ocrx_word' id='word_1_599' title='bbox 3272 3934 3546 3989; x_wconf 84' lang='lat' dir='ltr'><strong>adulterio</strong></span> 
     </span>
    </p>
   </div>
   <div class='ocr_carea' id='block_1_84' title="bbox 1961 4026 3546 4100">
    <p class='ocr_par' dir='ltr' id='par_1_84' title="bbox 1961 4026 3546 4100">
     <span class='ocr_line' id='line_1_84' title="bbox 1961 4026 3546 4100; baseline -0.004 -14"><span class='ocrx_word' id='word_1_600' title='bbox 1961 4030 2162 4086; x_wconf 88' lang='lat' dir='ltr'><strong>mulier</strong></span> <span class='ocrx_word' id='word_1_601' title='bbox 2202 4028 2413 4100; x_wconf 87' lang='lat' dir='ltr'><strong>polluta</strong></span> <span class='ocrx_word' id='word_1_602' title='bbox 2445 4038 2567 4096; x_wconf 87' lang='lat' dir='ltr'><strong>est;</strong></span> <span class='ocrx_word' id='word_1_603' title='bbox 2601 4026 2695 4096; x_wconf 87' lang='lat' dir='ltr'><strong>qui</strong></span> <span class='ocrx_word' id='word_1_604' title='bbox 2730 4041 2860 4080; x_wconf 88' lang='lat' dir='ltr'><strong>vero</strong></span> <span class='ocrx_word' id='word_1_605' title='bbox 2886 4026 3107 4099; x_wconf 67' lang='lat' dir='ltr'><strong>pollutae</strong></span> <span class='ocrx_word' id='word_1_606' title='bbox 3140 4026 3546 4092; x_wconf 83' lang='lat' dir='ltr'><strong>cummiscetur,</strong></span> 
     </span>
    </p>
   </div>
   <div class='ocr_carea' id='block_1_85' title="bbox 1956 4120 3552 4192">
    <p class='ocr_par' dir='ltr' id='par_1_85' title="bbox 1956 4120 3552 4192">
     <span class='ocr_line' id='line_1_85' title="bbox 1956 4120 3552 4192; baseline -0.005 -13"><span class='ocrx_word' id='word_1_607' title='bbox 1956 4139 2127 4179; x_wconf 88' lang='lat' dir='ltr'><strong>unum</strong></span> <span class='ocrx_word' id='word_1_608' title='bbox 2173 4137 2375 4192; x_wconf 87' lang='lat' dir='ltr'><strong>corpus</strong></span> <span class='ocrx_word' id='word_1_609' title='bbox 2434 4120 2691 4187; x_wconf 78' lang='lat' dir='ltr'><strong>efﬁcitur,</strong></span> <span class='ocrx_word' id='word_1_610' title='bbox 2736 4120 3039 4192; x_wconf 87' lang='lat' dir='ltr'><strong>eademque</strong></span> <span class='ocrx_word' id='word_1_611' title='bbox 3096 4121 3324 4192; x_wconf 84' lang='lat' dir='ltr'><strong>proinde</strong></span> <span class='ocrx_word' id='word_1_612' title='bbox 3360 4129 3552 4175; x_wconf 88' lang='lat' dir='ltr'><strong>conta-</strong></span> 
     </span>
    </p>
   </div>
   <div class='ocr_carea' id='block_1_86' title="bbox 266 4216 3554 4304">
    <p class='ocr_par' dir='ltr' id='par_1_86' title="bbox 266 4216 3554 4304">
     <span class='ocr_line' id='line_1_86' title="bbox 266 4216 3554 4304; baseline -0.003 -18"><span class='ocrx_word' id='word_1_613' title='bbox 266 4232 431 4304; x_wconf 75' lang='lat' dir='ltr'><strong>gione</strong></span> <span class='ocrx_word' id='word_1_614' title='bbox 500 4232 678 4302; x_wconf 89' lang='lat' dir='ltr'><strong>ipsum</strong></span> <span class='ocrx_word' id='word_1_615' title='bbox 754 4226 1018 4283; x_wconf 87' lang='lat' dir='ltr'><strong>maculari</strong></span> <span class='ocrx_word' id='word_1_616' title='bbox 1104 4239 1335 4280; x_wconf 89' lang='lat' dir='ltr'><strong>necesse</strong></span> <span class='ocrx_word' id='word_1_617' title='bbox 1381 4232 1489 4279; x_wconf 89' lang='lat' dir='ltr'><strong>est.</strong></span> <span class='ocrx_word' id='word_1_618' title='bbox 1560 4221 1848 4277; x_wconf 82' lang='lat' dir='ltr'><strong>Hominem</strong></span> <span class='ocrx_word' id='word_1_619' title='bbox 1912 4234 2047 4276; x_wconf 88' lang='lat' dir='ltr'><strong>vero</strong></span> <span class='ocrx_word' id='word_1_620' title='bbox 2100 4218 2370 4290; x_wconf 87' lang='lat' dir='ltr'><strong>pollutum</strong></span> <span class='ocrx_word' id='word_1_621' title='bbox 2427 4216 2483 4271; x_wconf 91' lang='lat' dir='ltr'><strong>in</strong></span> <span class='ocrx_word' id='word_1_622' title='bbox 2543 4230 2705 4272; x_wconf 87' lang='lat' dir='ltr'><strong>sacro</strong></span> <span class='ocrx_word' id='word_1_623' title='bbox 2778 4217 2966 4288; x_wconf 89' lang='lat' dir='ltr'><strong>aliquo</strong></span> <span class='ocrx_word' id='word_1_624' title='bbox 3062 4217 3371 4274; x_wconf 88' lang='lat' dir='ltr'><strong>ministerio</strong></span> <span class='ocrx_word' id='word_1_625' title='bbox 3426 4220 3554 4288; x_wconf 87' lang='lat' dir='ltr'><strong>quis</strong></span> 
     </span>
    </p>
   </div>
   <div class='ocr_carea' id='block_1_87' title="bbox 266 4324 1856 4479">
    <p class='ocr_par' dir='ltr' id='par_1_87' title="bbox 266 4324 1856 4479">
     <span class='ocr_line' id='line_1_87' title="bbox 266 4324 1856 4479; baseline -0.006 -5"><span class='ocrx_word' id='word_1_626' title='bbox 541 4434 560 4466; x_wconf 81' lang='grc' dir='ltr'><strong>ι</strong></span> <span class='ocrx_word' id='word_1_627' title='bbox 611 4413 670 4467; x_wconf 85' lang='lat'><strong>&#39;0</strong></span> <span class='ocrx_word' id='word_1_628' title='bbox 703 4410 916 4476; x_wconf 81' lang='grc' dir='ltr'>λαῖκὸς,</span> <span class='ocrx_word' id='word_1_629' title='bbox 951 4400 1014 4462; x_wconf 75' lang='grc' dir='ltr'>οὗ</span> <span class='ocrx_word' id='word_1_630' title='bbox 1053 4408 1089 4479; x_wconf 79' lang='grc' dir='ltr'><strong>ἡ</strong></span> <span class='ocrx_word' id='word_1_631' title='bbox 1124 4404 1265 4477; x_wconf 77' lang='grc' dir='ltr'>γυνὴ</span> <span class='ocrx_word' id='word_1_632' title='bbox 1326 4406 1708 4477; x_wconf 86' lang='grc' dir='ltr'>μεμοίχευται,</span> <span class='ocrx_word' id='word_1_633' title='bbox 1793 4410 1856 4464; x_wconf 83' lang='grc' dir='ltr'>οὐ</span> 
     </span>
    </p>
   </div>
   <div class='ocr_carea' id='block_1_88' title="bbox 1971 4404 3553 4480">
    <p class='ocr_par' dir='ltr' id='par_1_88' title="bbox 1971 4404 3553 4480">
     <span class='ocr_line' id='line_1_88' title="bbox 1971 4404 3553 4480; baseline -0.007 -12"><span class='ocrx_word' id='word_1_634' title='bbox 1971 4412 2206 4470; x_wconf 83' lang='lat' dir='ltr'><strong>ARIST.</strong></span> <span class='ocrx_word' id='word_1_635' title='bbox 2239 4429 2259 4464; x_wconf 84' lang='grc' dir='ltr'><strong>ι</strong></span> <span class='ocrx_word' id='word_1_636' title='bbox 2297 4409 2499 4467; x_wconf 88' lang='lat' dir='ltr'><strong>Laicus</strong></span> <span class='ocrx_word' id='word_1_637' title='bbox 2528 4408 2689 4480; x_wconf 88' lang='lat' dir='ltr'><strong>cujus</strong></span> <span class='ocrx_word' id='word_1_638' title='bbox 2726 4422 2867 4463; x_wconf 83' lang='lat' dir='ltr'><strong>uxor</strong></span> <span class='ocrx_word' id='word_1_639' title='bbox 2901 4405 3207 4461; x_wconf 90' lang='lat' dir='ltr'><strong>adulterata</strong></span> <span class='ocrx_word' id='word_1_640' title='bbox 3238 4412 3324 4461; x_wconf 89' lang='lat' dir='ltr'><strong>est</strong></span> <span class='ocrx_word' id='word_1_641' title='bbox 3356 4420 3463 4459; x_wconf 91' lang='lat' dir='ltr'><strong>non</strong></span> <span class='ocrx_word' id='word_1_642' title='bbox 3498 4404 3553 4458; x_wconf 83' lang='lat' dir='ltr'><strong>fit</strong></span> 
     </span>
    </p>
   </div>
   <div class='ocr_carea' id='block_1_89' title="bbox 340 4497 1845 4587">
    <p class='ocr_par' dir='ltr' id='par_1_89' title="bbox 340 4498 1845 4580">
     <span class='ocr_line' id='line_1_89' title="bbox 340 4498 1845 4580; baseline -0.013 -18"><span class='ocrx_word' id='word_1_643' title='bbox 340 4530 358 4563; x_wconf 87' lang='grc' dir='ltr'><strong>ι</strong></span> <span class='ocrx_word' id='word_1_644' title='bbox 391 4507 723 4580; x_wconf 60' lang='grc' dir='ltr'>κλιηροῦται·</span> <span class='ocrx_word' id='word_1_645' title='bbox 759 4504 854 4558; x_wconf 72' lang='grc' dir='ltr'>καὶ</span> <span class='ocrx_word' id='word_1_646' title='bbox 882 4503 909 4555; x_wconf 91' lang='lat'><strong>6</strong></span> <span class='ocrx_word' id='word_1_647' title='bbox 949 4504 1006 4555; x_wconf 81' lang='grc' dir='ltr'>ὲν</span> <span class='ocrx_word' id='word_1_648' title='bbox 1066 4500 1259 4569; x_wconf 82' lang='grc' dir='ltr'>κλήρῳ</span> <span class='ocrx_word' id='word_1_649' title='bbox 1293 4499 1343 4550; x_wconf 84' lang='grc' dir='ltr'>εἰ</span> <span class='ocrx_word' id='word_1_650' title='bbox 1369 4498 1592 4569; x_wconf 84' lang='grc' dir='ltr'>κατέχει</span> <span class='ocrx_word' id='word_1_651' title='bbox 1633 4517 1845 4572; x_wconf 81' lang='grc' dir='ltr'>μοιχευ.</span> 
     </span>
    </p>
   </div>
   <div class='ocr_carea' id='block_1_90' title="bbox 1949 4497 3552 4587">
    <p class='ocr_par' dir='ltr' id='par_1_90' title="bbox 2049 4497 3552 4569">
     <span class='ocr_line' id='line_1_90' title="bbox 2049 4497 3552 4569; baseline -0.004 -12"><span class='ocrx_word' id='word_1_652' title='bbox 2049 4523 2068 4557; x_wconf 87' lang='grc' dir='ltr'><strong>ι</strong></span> <span class='ocrx_word' id='word_1_653' title='bbox 2108 4503 2369 4567; x_wconf 78' lang='lat' dir='ltr'><strong>clericus,</strong></span> <span class='ocrx_word' id='word_1_654' title='bbox 2406 4509 2460 4557; x_wconf 91' lang='lat' dir='ltr'><strong>et</strong></span> <span class='ocrx_word' id='word_1_655' title='bbox 2485 4501 2722 4555; x_wconf 89' lang='lat' dir='ltr'><strong>clericus</strong></span> <span class='ocrx_word' id='word_1_656' title='bbox 2751 4498 2843 4569; x_wconf 91' lang='lat' dir='ltr'><strong>qui</strong></span> <span class='ocrx_word' id='word_1_657' title='bbox 2876 4513 2996 4553; x_wconf 90' lang='lat' dir='ltr'><strong>eam</strong></span> <span class='ocrx_word' id='word_1_658' title='bbox 3028 4497 3228 4553; x_wconf 87' lang='lat' dir='ltr'><strong>retinet</strong></span> <span class='ocrx_word' id='word_1_659' title='bbox 3262 4508 3552 4568; x_wconf 88' lang='lat' dir='ltr'><strong>postquam</strong></span> 
     </span>
    </p>
   </div>
   <div class='ocr_carea' id='block_1_91' title="bbox 352 4595 1249 4669">
    <p class='ocr_par' dir='ltr' id='par_1_91' title="bbox 352 4595 1249 4669">
     <span class='ocr_line' id='line_1_91' title="bbox 352 4595 1249 4669; baseline -0.012 -12"><span class='ocrx_word' id='word_1_660' title='bbox 352 4624 371 4656; x_wconf 83' lang='grc' dir='ltr'><strong>ι</strong></span> <span class='ocrx_word' id='word_1_661' title='bbox 420 4604 607 4657; x_wconf 89' lang='grc' dir='ltr'>θεῖσαν</span> <span class='ocrx_word' id='word_1_662' title='bbox 629 4598 819 4669; x_wconf 80' lang='grc' dir='ltr'>αὐτὴν,</span> <span class='ocrx_word' id='word_1_663' title='bbox 863 4595 1249 4649; x_wconf 79' lang='grc' dir='ltr'>ὲκδιὼκεται.»</span> 
     </span>
    </p>
   </div>
   <div class='ocr_carea' id='block_1_92' title="bbox 344 4684 1854 4762">
    <p class='ocr_par' dir='ltr' id='par_1_92' title="bbox 344 4684 1854 4762">
     <span class='ocr_line' id='line_1_92' title="bbox 344 4684 1854 4762; baseline -0.008 -12"><span class='ocrx_word' id='word_1_664' title='bbox 344 4698 406 4749; x_wconf 82' lang='grc' dir='ltr'>Εἰ</span> <span class='ocrx_word' id='word_1_665' title='bbox 442 4700 469 4750; x_wconf 88' lang='lat'><strong>6</strong></span> <span class='ocrx_word' id='word_1_666' title='bbox 506 4689 953 4762; x_wconf 84' lang='grc' dir='ltr'>κεκληρωμένος,</span> <span class='ocrx_word' id='word_1_667' title='bbox 969 4689 1067 4757; x_wconf 78' lang='grc' dir='ltr'>τὴν</span> <span class='ocrx_word' id='word_1_668' title='bbox 1088 4687 1331 4754; x_wconf 87' lang='grc' dir='ltr'>γυναῖκα</span> <span class='ocrx_word' id='word_1_669' title='bbox 1407 4684 1572 4738; x_wconf 80' lang='grc' dir='ltr'>αὑτοῦ</span> <span class='ocrx_word' id='word_1_670' title='bbox 1631 4702 1854 4757; x_wconf 86' lang='grc' dir='ltr'>μοιχευ-</span> 
     </span>
    </p>
   </div>
   <div class='ocr_carea' id='block_1_93' title="bbox 273 4780 1857 4863">
    <p class='ocr_par' dir='ltr' id='par_1_93' title="bbox 273 4780 1857 4863">
     <span class='ocr_line' id='line_1_93' title="bbox 273 4780 1857 4863; baseline -0.002 -26"><span class='ocrx_word' id='word_1_671' title='bbox 273 4796 460 4847; x_wconf 72' lang='grc' dir='ltr'>θεῖσαν</span> <span class='ocrx_word' id='word_1_672' title='bbox 494 4791 568 4863; x_wconf 83' lang='grc' dir='ltr'>μὴ</span> <span class='ocrx_word' id='word_1_673' title='bbox 593 4787 871 4850; x_wconf 78' lang='grc' dir='ltr'>ἀπολύων,</span> <span class='ocrx_word' id='word_1_674' title='bbox 903 4785 1004 4853; x_wconf 83' lang='grc' dir='ltr'>τῆς</span> <span class='ocrx_word' id='word_1_675' title='bbox 1034 4781 1196 4848; x_wconf 79' lang='grc' dir='ltr'>ἀξίας</span> <span class='ocrx_word' id='word_1_676' title='bbox 1260 4781 1641 4852; x_wconf 88' lang='grc' dir='ltr'>μετακινεῖται</span> <span class='ocrx_word' id='word_1_677' title='bbox 1672 4796 1687 4811; x_wconf 91' lang='grc'><strong>·</strong></span> <span class='ocrx_word' id='word_1_678' title='bbox 1739 4780 1857 4845; x_wconf 84' lang='grc' dir='ltr'>πῶς</span> 
     </span>
    </p>
   </div>
   <div class='ocr_carea' id='block_1_94' title="bbox 272 4870 1860 4949">
    <p class='ocr_par' dir='ltr' id='par_1_94' title="bbox 272 4870 1860 4949">
     <span class='ocr_line' id='line_1_94' title="bbox 272 4870 1860 4949; baseline -0.016 -11"><span class='ocrx_word' id='word_1_679' title='bbox 272 4890 300 4939; x_wconf 92' lang='lat'><strong>6</strong></span> <span class='ocrx_word' id='word_1_680' title='bbox 330 4884 536 4945; x_wconf 82' lang='grc' dir='ltr'>λαῖκὸς,</span> <span class='ocrx_word' id='word_1_681' title='bbox 566 4873 625 4932; x_wconf 76' lang='grc' dir='ltr'>οὗ</span> <span class='ocrx_word' id='word_1_682' title='bbox 655 4879 687 4949; x_wconf 81' lang='grc' dir='ltr'>ἡ</span> <span class='ocrx_word' id='word_1_683' title='bbox 718 4875 859 4946; x_wconf 83' lang='grc' dir='ltr'>γυνὴ</span> <span class='ocrx_word' id='word_1_684' title='bbox 891 4870 1273 4944; x_wconf 81' lang='grc' dir='ltr'>μεμοιχευται,</span> <span class='ocrx_word' id='word_1_685' title='bbox 1308 4871 1390 4933; x_wconf 83' lang='grc' dir='ltr'>εἰς</span> <span class='ocrx_word' id='word_1_686' title='bbox 1442 4870 1645 4940; x_wconf 81' lang='grc' dir='ltr'>κλῆρον</span> <span class='ocrx_word' id='word_1_687' title='bbox 1672 4876 1860 4944; x_wconf 77' lang='grc' dir='ltr'>παρα.</span> 
     </span>
    </p>
   </div>
   <div class='ocr_carea' id='block_1_95' title="bbox 271 4971 629 5043">
    <p class='ocr_par' dir='ltr' id='par_1_95' title="bbox 271 4971 629 5043">
     <span class='ocr_line' id='line_1_95' title="bbox 271 4971 629 5043; baseline -0.014 -18"><span class='ocrx_word' id='word_1_688' title='bbox 271 4971 629 5043; x_wconf 80' lang='grc' dir='ltr'>ὃεχθήσεται;</span> 
     </span>
    </p>
   </div>
   <div class='ocr_carea' id='block_1_96' title="bbox 895 5057 1250 5114">
    <p class='ocr_par' dir='ltr' id='par_1_96' title="bbox 895 5057 1250 5114">
     <span class='ocr_line' id='line_1_96' title="bbox 895 5057 1250 5114; baseline -0.006 0"><span class='ocrx_word' id='word_1_689' title='bbox 895 5058 1136 5114; x_wconf 84' lang='grc' dir='ltr'>ΚΑΝΩΝ</span> <span class='ocrx_word' id='word_1_690' title='bbox 1172 5057 1250 5112; x_wconf 83' lang='grc' dir='ltr'><strong>Θ’.</strong></span> 
     </span>
    </p>
   </div>
   <div class='ocr_carea' id='block_1_97' title="bbox 279 5148 1852 5230">
    <p class='ocr_par' dir='ltr' id='par_1_97' title="bbox 279 5148 1852 5230">
     <span class='ocr_line' id='line_1_97' title="bbox 279 5148 1852 5230; baseline -0.01 -16"><span class='ocrx_word' id='word_1_691' title='bbox 279 5180 299 5215; x_wconf 82' lang='grc' dir='ltr'><strong>ι</strong></span> <span class='ocrx_word' id='word_1_692' title='bbox 339 5156 740 5230; x_wconf 76' lang='grc' dir='ltr'>Πρεσϐύτερος,</span> <span class='ocrx_word' id='word_1_693' title='bbox 785 5155 881 5209; x_wconf 76' lang='grc' dir='ltr'><strong>ἐὰν</strong></span> <span class='ocrx_word' id='word_1_694' title='bbox 919 5149 1370 5225; x_wconf 82' lang='grc' dir='ltr'>προημαρτηκὼς</span> <span class='ocrx_word' id='word_1_695' title='bbox 1425 5148 1667 5220; x_wconf 84' lang='grc' dir='ltr'>σώματι,</span> <span class='ocrx_word' id='word_1_696' title='bbox 1713 5167 1852 5222; x_wconf 84' lang='grc' dir='ltr'>προ-</span> 
     </span>
    </p>
   </div>
   <div class='ocr_carea' id='block_1_98' title="bbox 325 5243 1845 5321">
    <p class='ocr_par' dir='ltr' id='par_1_98' title="bbox 325 5243 1845 5321">
     <span class='ocr_line' id='line_1_98' title="bbox 325 5243 1845 5321; baseline -0.006 -17"><span class='ocrx_word' id='word_1_697' title='bbox 325 5270 342 5303; x_wconf 85' lang='grc' dir='ltr'><strong>ι</strong></span> <span class='ocrx_word' id='word_1_698' title='bbox 375 5251 539 5321; x_wconf 81' lang='grc' dir='ltr'>αχθῇ,</span> <span class='ocrx_word' id='word_1_699' title='bbox 562 5252 658 5304; x_wconf 75' lang='grc' dir='ltr'>καὶ</span> <span class='ocrx_word' id='word_1_700' title='bbox 679 5248 991 5320; x_wconf 80' lang='grc' dir='ltr'>ὁμολογήσῃ</span> <span class='ocrx_word' id='word_1_701' title='bbox 1016 5248 1100 5299; x_wconf 73' lang='grc' dir='ltr'>ὅτι</span> <span class='ocrx_word' id='word_1_702' title='bbox 1120 5244 1336 5314; x_wconf 75' lang='grc' dir='ltr'>ἥμαρτε</span> <span class='ocrx_word' id='word_1_703' title='bbox 1356 5243 1463 5314; x_wconf 85' lang='grc' dir='ltr'><strong>πρὸ</strong></span> <span class='ocrx_word' id='word_1_704' title='bbox 1485 5244 1845 5321; x_wconf 77' lang='grc' dir='ltr'>χειροτονίας,</span> 
     </span>
    </p>
   </div>
   <div class='ocr_carea' id='block_1_99' title="bbox 338 5334 1851 5416">
    <p class='ocr_par' dir='ltr' id='par_1_99' title="bbox 338 5334 1851 5416">
     <span class='ocr_line' id='line_1_99' title="bbox 338 5334 1851 5416; baseline -0.007 -18"><span class='ocrx_word' id='word_1_705' title='bbox 338 5364 357 5398; x_wconf 79' lang='grc' dir='ltr'><strong>ι</strong></span> <span class='ocrx_word' id='word_1_706' title='bbox 402 5347 476 5416; x_wconf 77' lang='grc' dir='ltr'><strong>μὴ</strong></span> <span class='ocrx_word' id='word_1_707' title='bbox 502 5343 867 5416; x_wconf 80' lang='grc' dir='ltr'>προσφερέτω</span> <span class='ocrx_word' id='word_1_708' title='bbox 899 5357 912 5370; x_wconf 84' lang='grc'><em>’</em></span> <span class='ocrx_word' id='word_1_709' title='bbox 956 5340 1136 5410; x_wconf 75' lang='grc' dir='ltr'>μένων</span> <span class='ocrx_word' id='word_1_710' title='bbox 1163 5339 1222 5391; x_wconf 75' lang='grc' dir='ltr'>ὲν</span> <span class='ocrx_word' id='word_1_711' title='bbox 1253 5339 1369 5400; x_wconf 91' lang='grc' dir='ltr'>τοῖς</span> <span class='ocrx_word' id='word_1_712' title='bbox 1399 5337 1609 5398; x_wconf 84' lang='grc' dir='ltr'>λοιποῖς</span> <span class='ocrx_word' id='word_1_713' title='bbox 1638 5334 1725 5388; x_wconf 77' lang='grc' dir='ltr'>διὰ</span> <span class='ocrx_word' id='word_1_714' title='bbox 1752 5335 1851 5408; x_wconf 82' lang='grc' dir='ltr'><strong>τὴν</strong></span> 
     </span>
    </p>
   </div>
   <div class='ocr_carea' id='block_1_100' title="bbox 336 5428 1848 5508">
    <p class='ocr_par' dir='ltr' id='par_1_100' title="bbox 336 5428 1848 5508">
     <span class='ocr_line' id='line_1_100' title="bbox 336 5428 1848 5508; baseline -0.007 -16"><span class='ocrx_word' id='word_1_715' title='bbox 336 5460 353 5492; x_wconf 82' lang='grc' dir='ltr'><strong>ι</strong></span> <span class='ocrx_word' id='word_1_716' title='bbox 387 5438 555 5508; x_wconf 74' lang='grc' dir='ltr'>ἄλλην</span> <span class='ocrx_word' id='word_1_717' title='bbox 585 5436 845 5505; x_wconf 78' lang='grc' dir='ltr'>σπουδήν.</span> <span class='ocrx_word' id='word_1_718' title='bbox 876 5434 958 5486; x_wconf 84' lang='grc' dir='ltr'><strong>Τὰ</strong></span> <span class='ocrx_word' id='word_1_719' title='bbox 990 5433 1100 5504; x_wconf 83' lang='grc' dir='ltr'>γὰρ</span> <span class='ocrx_word' id='word_1_720' title='bbox 1116 5431 1281 5484; x_wconf 81' lang='grc' dir='ltr'>λοιπὰ</span> <span class='ocrx_word' id='word_1_721' title='bbox 1304 5430 1684 5501; x_wconf 79' lang='grc' dir='ltr'>ἁμαρτήματα</span> <span class='ocrx_word' id='word_1_722' title='bbox 1711 5428 1848 5498; x_wconf 80' lang='grc' dir='ltr'>ἔφα-</span> 
     </span>
    </p>
   </div>
   <div class='ocr_carea' id='block_1_101' title="bbox 343 5519 1847 5598">
    <p class='ocr_par' dir='ltr' id='par_1_101' title="bbox 343 5519 1847 5598">
     <span class='ocr_line' id='line_1_101' title="bbox 343 5519 1847 5598; baseline -0.009 -11"><span class='ocrx_word' id='word_1_723' title='bbox 343 5551 362 5586; x_wconf 74' lang='grc' dir='ltr'><strong>ι</strong></span> <span class='ocrx_word' id='word_1_724' title='bbox 402 5550 503 5587; x_wconf 89' lang='grc' dir='ltr'><strong>σαν</strong></span> <span class='ocrx_word' id='word_1_725' title='bbox 525 5530 576 5585; x_wconf 79' lang='grc' dir='ltr'><strong>οἱ</strong></span> <span class='ocrx_word' id='word_1_726' title='bbox 609 5530 794 5584; x_wconf 77' lang='grc' dir='ltr'>πολλοὶ</span> <span class='ocrx_word' id='word_1_727' title='bbox 833 5528 929 5581; x_wconf 76' lang='grc' dir='ltr'><strong>καὶ</strong></span> <span class='ocrx_word' id='word_1_728' title='bbox 958 5528 1056 5598; x_wconf 82' lang='grc' dir='ltr'>τὴν</span> <span class='ocrx_word' id='word_1_729' title='bbox 1084 5524 1429 5596; x_wconf 83' lang='grc' dir='ltr'>χειροθεσίαν</span> <span class='ocrx_word' id='word_1_730' title='bbox 1459 5522 1699 5591; x_wconf 80' lang='grc' dir='ltr'>ἀφιέναι.</span> <span class='ocrx_word' id='word_1_731' title='bbox 1721 5519 1847 5574; x_wconf 83' lang='grc' dir='ltr'>Ἐάν</span> 
     </span>
    </p>
   </div>
   <div class='ocr_carea' id='block_1_102' title="bbox 345 5613 1845 5692">
    <p class='ocr_par' dir='ltr' id='par_1_102' title="bbox 345 5613 1845 5692">
     <span class='ocr_line' id='line_1_102' title="bbox 345 5613 1845 5692; baseline -0.009 -13"><span class='ocrx_word' id='word_1_732' title='bbox 345 5644 364 5679; x_wconf 75' lang='grc' dir='ltr'><strong>ι</strong></span> <span class='ocrx_word' id='word_1_733' title='bbox 395 5625 454 5692; x_wconf 61' lang='grc' dir='ltr'>δὲ</span> <span class='ocrx_word' id='word_1_734' title='bbox 474 5623 632 5686; x_wconf 83' lang='grc' dir='ltr'>αὐτὸς</span> <span class='ocrx_word' id='word_1_735' title='bbox 657 5622 732 5692; x_wconf 79' lang='grc' dir='ltr'>μὴ</span> <span class='ocrx_word' id='word_1_736' title='bbox 755 5619 1016 5690; x_wconf 87' lang='grc' dir='ltr'>ὁμολογῇ,</span> <span class='ocrx_word' id='word_1_737' title='bbox 1050 5615 1376 5687; x_wconf 72' lang='grc' dir='ltr'>ἐλεγχθῆναι</span> <span class='ocrx_word' id='word_1_738' title='bbox 1403 5614 1460 5667; x_wconf 80' lang='grc' dir='ltr'>δὲ</span> <span class='ocrx_word' id='word_1_739' title='bbox 1492 5613 1743 5686; x_wconf 87' lang='grc' dir='ltr'>φανερῶς</span> <span class='ocrx_word' id='word_1_740' title='bbox 1769 5613 1845 5685; x_wconf 79' lang='grc' dir='ltr'>μὴ</span> 
     </span>
    </p>
   </div>
   <div class='ocr_carea' id='block_1_103' title="bbox 332 5704 1836 5788">
    <p class='ocr_par' dir='ltr' id='par_1_103' title="bbox 332 5704 1836 5788">
     <span class='ocr_line' id='line_1_103' title="bbox 332 5704 1836 5788; baseline -0.01 -17"><span class='ocrx_word' id='word_1_741' title='bbox 332 5734 354 5771; x_wconf 71' lang='grc' dir='ltr'><strong>α</strong></span> <span class='ocrx_word' id='word_1_742' title='bbox 385 5716 610 5788; x_wconf 80' lang='grc' dir='ltr'>δυνηθῇ,</span> <span class='ocrx_word' id='word_1_743' title='bbox 627 5713 713 5768; x_wconf 76' lang='grc' dir='ltr'><strong>ἐπ’</strong></span> <span class='ocrx_word' id='word_1_744' title='bbox 737 5712 886 5782; x_wconf 80' lang='grc' dir='ltr'>αὐτῷ</span> <span class='ocrx_word' id='word_1_745' title='bbox 902 5710 1098 5780; x_wconf 74' lang='grc' dir='ltr'>ἐκείνῳ</span> <span class='ocrx_word' id='word_1_746' title='bbox 1120 5708 1395 5762; x_wconf 84' lang='grc' dir='ltr'>ποιεῖσθαι</span> <span class='ocrx_word' id='word_1_747' title='bbox 1418 5704 1836 5778; x_wconf 76' lang='grc' dir='ltr'>τὴνὲξουσίαν.»</span> 
     </span>
    </p>
   </div>
   <div class='ocr_carea' id='block_1_104' title="bbox 340 5798 1839 5881">
    <p class='ocr_par' dir='ltr' id='par_1_104' title="bbox 340 5798 1839 5881">
     <span class='ocr_line' id='line_1_104' title="bbox 340 5798 1839 5881; baseline -0.007 -16"><span class='ocrx_word' id='word_1_748' title='bbox 340 5812 536 5865; x_wconf 79' lang='grc' dir='ltr'><strong>ΒΔΛΣ.</strong></span> <span class='ocrx_word' id='word_1_749' title='bbox 592 5808 817 5881; x_wconf 73' lang='grc' dir='ltr'>Ἱερεύς,</span> <span class='ocrx_word' id='word_1_750' title='bbox 854 5802 1163 5877; x_wconf 85' lang='grc' dir='ltr'>πορνεύσας</span> <span class='ocrx_word' id='word_1_751' title='bbox 1193 5801 1299 5873; x_wconf 84' lang='grc' dir='ltr'><strong>πρὸ</strong></span> <span class='ocrx_word' id='word_1_752' title='bbox 1331 5802 1429 5872; x_wconf 82' lang='grc' dir='ltr'><strong>τῆς</strong></span> <span class='ocrx_word' id='word_1_753' title='bbox 1476 5798 1839 5871; x_wconf 67' lang='grc' dir='ltr'>χειροτονίας,</span> 
     </span>
    </p>
   </div>
   <div class='ocr_carea' id='block_1_105' title="bbox 2043 4592 3199 4663">
    <p class='ocr_par' dir='ltr' id='par_1_105' title="bbox 2043 4592 3199 4663">
     <span class='ocr_line' id='line_1_105' title="bbox 2043 4592 3199 4663; baseline -0.004 -13"><span class='ocrx_word' id='word_1_754' title='bbox 2043 4617 2063 4650; x_wconf 81' lang='grc' dir='ltr'><strong>ι</strong></span> <span class='ocrx_word' id='word_1_755' title='bbox 2108 4596 2442 4652; x_wconf 85' lang='lat' dir='ltr'><strong>adulterium</strong></span> <span class='ocrx_word' id='word_1_756' title='bbox 2482 4593 2785 4657; x_wconf 87' lang='lat' dir='ltr'><strong>commisit,</strong></span> <span class='ocrx_word' id='word_1_757' title='bbox 2821 4592 3137 4663; x_wconf 78' lang='lat' dir='ltr'><strong>expellitur.</strong></span> <span class='ocrx_word' id='word_1_758' title='bbox 3179 4609 3199 4643; x_wconf 74' lang='grc' dir='ltr'><strong>ι</strong></span> 
     </span>
    </p>
   </div>
   <div class='ocr_carea' id='block_1_106' title="bbox 2037 4687 3549 4759">
    <p class='ocr_par' dir='ltr' id='par_1_106' title="bbox 2037 4687 3549 4759">
     <span class='ocr_line' id='line_1_106' title="bbox 2037 4687 3549 4759; baseline -0.006 -14"><span class='ocrx_word' id='word_1_759' title='bbox 2037 4688 2095 4745; x_wconf 90' lang='lat' dir='ltr'><strong>Si</strong></span> <span class='ocrx_word' id='word_1_760' title='bbox 2131 4690 2223 4745; x_wconf 89' lang='lat' dir='ltr'><strong>ille</strong></span> <span class='ocrx_word' id='word_1_761' title='bbox 2247 4689 2341 4759; x_wconf 93' lang='lat' dir='ltr'><strong>qui</strong></span> <span class='ocrx_word' id='word_1_762' title='bbox 2368 4689 2423 4743; x_wconf 93' lang='lat' dir='ltr'><strong>in</strong></span> <span class='ocrx_word' id='word_1_763' title='bbox 2452 4687 2656 4742; x_wconf 89' lang='lat' dir='ltr'><strong>clerum</strong></span> <span class='ocrx_word' id='word_1_764' title='bbox 2686 4693 2975 4755; x_wconf 84' lang='lat' dir='ltr'><strong>coeptatus</strong></span> <span class='ocrx_word' id='word_1_765' title='bbox 3005 4697 3112 4749; x_wconf 88' lang='lat' dir='ltr'><strong>est,</strong></span> <span class='ocrx_word' id='word_1_766' title='bbox 3143 4700 3368 4739; x_wconf 66' lang='lat' dir='ltr'><strong>uxorem</strong></span> <span class='ocrx_word' id='word_1_767' title='bbox 3394 4698 3549 4741; x_wconf 88' lang='lat' dir='ltr'><strong>suam</strong></span> 
     </span>
    </p>
   </div>
   <div class='ocr_carea' id='block_1_107' title="bbox 1962 4775 3551 4847">
    <p class='ocr_par' dir='ltr' id='par_1_107' title="bbox 1962 4775 3551 4847">
     <span class='ocr_line' id='line_1_107' title="bbox 1962 4775 3551 4847; baseline -0.001 -12"><span class='ocrx_word' id='word_1_768' title='bbox 1962 4781 2325 4836; x_wconf 86' lang='lat' dir='ltr'><strong>adulteratam</strong></span> <span class='ocrx_word' id='word_1_769' title='bbox 2383 4794 2494 4834; x_wconf 89' lang='lat' dir='ltr'><strong>non</strong></span> <span class='ocrx_word' id='word_1_770' title='bbox 2553 4775 2882 4841; x_wconf 88' lang='lat' dir='ltr'><strong>dimittens,</strong></span> <span class='ocrx_word' id='word_1_771' title='bbox 2941 4775 3208 4847; x_wconf 74' lang='lat' dir='ltr'><strong>dignitate</strong></span> <span class='ocrx_word' id='word_1_772' title='bbox 3259 4787 3551 4834; x_wconf 85' lang='lat' dir='ltr'><strong>movetur:</strong></span> 
     </span>
    </p>
   </div>
   <div class='ocr_carea' id='block_1_108' title="bbox 1960 4868 3553 4942">
    <p class='ocr_par' dir='ltr' id='par_1_108' title="bbox 1960 4868 3553 4942">
     <span class='ocr_line' id='line_1_108' title="bbox 1960 4868 3553 4942; baseline 0.001 -17"><span class='ocrx_word' id='word_1_773' title='bbox 1960 4873 2244 4942; x_wconf 87' lang='lat' dir='ltr'><strong>quomodo</strong></span> <span class='ocrx_word' id='word_1_774' title='bbox 2278 4872 2459 4926; x_wconf 88' lang='lat' dir='ltr'><strong>laicus</strong></span> <span class='ocrx_word' id='word_1_775' title='bbox 2495 4868 2655 4940; x_wconf 89' lang='lat' dir='ltr'><strong>cujus</strong></span> <span class='ocrx_word' id='word_1_776' title='bbox 2700 4883 2843 4924; x_wconf 79' lang='lat' dir='ltr'><strong>uxor</strong></span> <span class='ocrx_word' id='word_1_777' title='bbox 2887 4868 3196 4923; x_wconf 87' lang='lat' dir='ltr'><strong>adulterata</strong></span> <span class='ocrx_word' id='word_1_778' title='bbox 3226 4879 3308 4926; x_wconf 85' lang='lat' dir='ltr'><strong>est</strong></span> <span class='ocrx_word' id='word_1_779' title='bbox 3346 4870 3400 4925; x_wconf 91' lang='lat' dir='ltr'><strong>in</strong></span> <span class='ocrx_word' id='word_1_780' title='bbox 3441 4871 3553 4926; x_wconf 80' lang='lat' dir='ltr'><strong>cle-</strong></span> 
     </span>
    </p>
   </div>
   <div class='ocr_carea' id='block_1_109' title="bbox 1959 4960 3521 5017">
    <p class='ocr_par' dir='ltr' id='par_1_109' title="bbox 1959 4960 3521 5017">
     <span class='ocr_line' id='line_1_109' title="bbox 1959 4960 3521 5017; baseline -0.003 0"><span class='ocrx_word' id='word_1_781' title='bbox 1959 4978 2083 5017; x_wconf 89' lang='lat' dir='ltr'><strong>rum</strong></span> <span class='ocrx_word' id='word_1_782' title='bbox 2121 4960 2485 5017; x_wconf 77' lang='lat' dir='ltr'><strong>admittatur?</strong></span> <span class='ocrx_word' id='word_1_783' title='bbox 3518 4972 3521 4983; x_wconf 88' lang='lat'>&#39;</span> 
     </span>
    </p>
   </div>
   <div class='ocr_carea' id='block_1_110' title="bbox 2562 5051 2947 5111">
    <p class='ocr_par' dir='ltr' id='par_1_110' title="bbox 2562 5051 2947 5111">
     <span class='ocr_line' id='line_1_110' title="bbox 2562 5051 2947 5111; baseline -0.01 0"><span class='ocrx_word' id='word_1_784' title='bbox 2562 5051 2797 5111; x_wconf 79' lang='lat' dir='ltr'><strong>CANON</strong></span> <span class='ocrx_word' id='word_1_785' title='bbox 2850 5052 2947 5109; x_wconf 81' lang='lat' dir='ltr'><strong>IX.</strong></span> 
     </span>
    </p>
   </div>
   <div class='ocr_carea' id='block_1_111' title="bbox 1961 5147 3552 5220">
    <p class='ocr_par' dir='ltr' id='par_1_111' title="bbox 1961 5147 3552 5220">
     <span class='ocr_line' id='line_1_111' title="bbox 1961 5147 3552 5220; baseline -0.001 -16"><span class='ocrx_word' id='word_1_786' title='bbox 1961 5169 1980 5204; x_wconf 86' lang='grc' dir='ltr'><strong>ι</strong></span> <span class='ocrx_word' id='word_1_787' title='bbox 2023 5150 2079 5205; x_wconf 92' lang='lat' dir='ltr'><strong>Si</strong></span> <span class='ocrx_word' id='word_1_788' title='bbox 2100 5148 2411 5220; x_wconf 87' lang='lat' dir='ltr'><strong>presbyter,</strong></span> <span class='ocrx_word' id='word_1_789' title='bbox 2430 5147 2522 5219; x_wconf 91' lang='lat' dir='ltr'><strong>qui</strong></span> <span class='ocrx_word' id='word_1_790' title='bbox 2543 5162 2778 5217; x_wconf 85' lang='lat' dir='ltr'><strong>corpore</strong></span> <span class='ocrx_word' id='word_1_791' title='bbox 2792 5147 2948 5216; x_wconf 87' lang='lat' dir='ltr'><strong>prius</strong></span> <span class='ocrx_word' id='word_1_792' title='bbox 2967 5150 3308 5216; x_wconf 84' lang='lat' dir='ltr'><strong>peccaverat,</strong></span> <span class='ocrx_word' id='word_1_793' title='bbox 3330 5160 3552 5218; x_wconf 79' lang='lat' dir='ltr'><strong>promo-</strong></span> 
     </span>
    </p>
   </div>
   <div class='ocr_carea' id='block_1_112' title="bbox 2032 5237 3553 5307">
    <p class='ocr_par' dir='ltr' id='par_1_112' title="bbox 2032 5237 3553 5307">
     <span class='ocr_line' id='line_1_112' title="bbox 2032 5237 3553 5307; baseline 0 -16"><span class='ocrx_word' id='word_1_794' title='bbox 2032 5257 2051 5291; x_wconf 85' lang='grc' dir='ltr'><strong>ι</strong></span> <span class='ocrx_word' id='word_1_795' title='bbox 2093 5248 2180 5294; x_wconf 92' lang='lat' dir='ltr'><strong>tus</strong></span> <span class='ocrx_word' id='word_1_796' title='bbox 2201 5239 2386 5304; x_wconf 90' lang='lat' dir='ltr'><strong>fuerit,</strong></span> <span class='ocrx_word' id='word_1_797' title='bbox 2418 5250 2471 5293; x_wconf 90' lang='lat' dir='ltr'><strong>et</strong></span> <span class='ocrx_word' id='word_1_798' title='bbox 2500 5238 2544 5292; x_wconf 91' lang='lat' dir='ltr'><strong>si</strong></span> <span class='ocrx_word' id='word_1_799' title='bbox 2566 5247 2693 5291; x_wconf 85' lang='lat' dir='ltr'><strong>ante</strong></span> <span class='ocrx_word' id='word_1_800' title='bbox 2710 5237 3112 5292; x_wconf 88' lang='lat' dir='ltr'><strong>ordinationem</strong></span> <span class='ocrx_word' id='word_1_801' title='bbox 3143 5252 3401 5307; x_wconf 86' lang='lat' dir='ltr'><strong>peccasse</strong></span> <span class='ocrx_word' id='word_1_802' title='bbox 3419 5252 3553 5292; x_wconf 90' lang='lat' dir='ltr'><strong>con-</strong></span> 
     </span>
    </p>
   </div>
   <div class='ocr_carea' id='block_1_113' title="bbox 2027 5329 3545 5399">
    <p class='ocr_par' dir='ltr' id='par_1_113' title="bbox 2027 5329 3545 5399">
     <span class='ocr_line' id='line_1_113' title="bbox 2027 5329 3545 5399; baseline 0.001 -16"><span class='ocrx_word' id='word_1_803' title='bbox 2027 5351 2046 5383; x_wconf 84' lang='grc' dir='ltr'><strong>ι</strong></span> <span class='ocrx_word' id='word_1_804' title='bbox 2093 5332 2274 5387; x_wconf 89' lang='lat' dir='ltr'><strong>fessus</strong></span> <span class='ocrx_word' id='word_1_805' title='bbox 2307 5330 2590 5395; x_wconf 85' lang='lat' dir='ltr'><strong>fuerit,ne</strong></span> <span class='ocrx_word' id='word_1_806' title='bbox 2626 5329 2822 5385; x_wconf 79' lang='lat' dir='ltr'><strong>oﬂ‘erat</strong></span> <span class='ocrx_word' id='word_1_807' title='bbox 2852 5349 2866 5385; x_wconf 85' lang='lat'><strong>:</strong></span> <span class='ocrx_word' id='word_1_808' title='bbox 2904 5330 3210 5384; x_wconf 82' lang='lat' dir='ltr'><strong>manensin</strong></span> <span class='ocrx_word' id='word_1_809' title='bbox 3235 5329 3380 5395; x_wconf 89' lang='lat' dir='ltr'><strong>aliis,</strong></span> <span class='ocrx_word' id='word_1_810' title='bbox 3406 5345 3545 5399; x_wconf 82' lang='lat' dir='ltr'><strong>pro-</strong></span> 
     </span>
    </p>
   </div>
   <div class='ocr_carea' id='block_1_114' title="bbox 2030 5419 3545 5496">
    <p class='ocr_par' dir='ltr' id='par_1_114' title="bbox 2030 5419 3545 5496">
     <span class='ocr_line' id='line_1_114' title="bbox 2030 5419 3545 5496; baseline -0.002 -19"><span class='ocrx_word' id='word_1_811' title='bbox 2030 5443 2050 5477; x_wconf 85' lang='grc' dir='ltr'><strong>ι</strong></span> <span class='ocrx_word' id='word_1_812' title='bbox 2077 5435 2195 5496; x_wconf 90' lang='lat' dir='ltr'><strong>pter</strong></span> <span class='ocrx_word' id='word_1_813' title='bbox 2214 5423 2364 5479; x_wconf 88' lang='lat' dir='ltr'><strong>aliud</strong></span> <span class='ocrx_word' id='word_1_814' title='bbox 2384 5423 2500 5492; x_wconf 87' lang='lat' dir='ltr'><strong>ejus</strong></span> <span class='ocrx_word' id='word_1_815' title='bbox 2530 5424 2687 5478; x_wconf 65' lang='lat' dir='ltr'><strong>bonae</strong></span> <span class='ocrx_word' id='word_1_816' title='bbox 2714 5423 2837 5477; x_wconf 70' lang='lat' dir='ltr'><strong>vitae</strong></span> <span class='ocrx_word' id='word_1_817' title='bbox 2856 5422 3122 5477; x_wconf 86' lang='lat' dir='ltr'><strong>studium.</strong></span> <span class='ocrx_word' id='word_1_818' title='bbox 3149 5419 3379 5490; x_wconf 86' lang='lat' dir='ltr'><strong>Reliqua</strong></span> <span class='ocrx_word' id='word_1_819' title='bbox 3398 5420 3545 5475; x_wconf 85' lang='lat' dir='ltr'><strong>enim</strong></span> 
     </span>
    </p>
   </div>
   <div class='ocr_carea' id='block_1_115' title="bbox 2029 5513 3546 5588">
    <p class='ocr_par' dir='ltr' id='par_1_115' title="bbox 2029 5513 3546 5588">
     <span class='ocr_line' id='line_1_115' title="bbox 2029 5513 3546 5588; baseline -0.002 -17"><span class='ocrx_word' id='word_1_820' title='bbox 2029 5538 2048 5571; x_wconf 82' lang='grc' dir='ltr'><strong>ι</strong></span> <span class='ocrx_word' id='word_1_821' title='bbox 2090 5527 2316 5588; x_wconf 86' lang='lat' dir='ltr'><strong>peccata</strong></span> <span class='ocrx_word' id='word_1_822' title='bbox 2341 5517 2531 5571; x_wconf 88' lang='lat' dir='ltr'><strong>dicunt</strong></span> <span class='ocrx_word' id='word_1_823' title='bbox 2550 5516 2702 5569; x_wconf 92' lang='lat' dir='ltr'><strong>multi</strong></span> <span class='ocrx_word' id='word_1_824' title='bbox 2733 5530 2992 5569; x_wconf 87' lang='lat' dir='ltr'><strong>manuum</strong></span> <span class='ocrx_word' id='word_1_825' title='bbox 3023 5513 3374 5584; x_wconf 88' lang='lat' dir='ltr'><strong>impositione</strong></span> <span class='ocrx_word' id='word_1_826' title='bbox 3404 5515 3546 5568; x_wconf 90' lang='lat' dir='ltr'><strong>tolli.</strong></span> 
     </span>
    </p>
   </div>
   <div class='ocr_carea' id='block_1_116' title="bbox 2029 5605 3551 5679">
    <p class='ocr_par' dir='ltr' id='par_1_116' title="bbox 2029 5605 3551 5679">
     <span class='ocr_line' id='line_1_116' title="bbox 2029 5605 3551 5679; baseline -0.007 -17"><span class='ocrx_word' id='word_1_827' title='bbox 2029 5629 2046 5662; x_wconf 88' lang='grc' dir='ltr'><strong>ι</strong></span> <span class='ocrx_word' id='word_1_828' title='bbox 2079 5610 2233 5677; x_wconf 85' lang='lat' dir='ltr'><strong>Quod</strong></span> <span class='ocrx_word' id='word_1_829' title='bbox 2253 5610 2299 5666; x_wconf 89' lang='lat' dir='ltr'><strong>si</strong></span> <span class='ocrx_word' id='word_1_830' title='bbox 2315 5610 2433 5679; x_wconf 82' lang='lat' dir='ltr'><strong>ipse</strong></span> <span class='ocrx_word' id='word_1_831' title='bbox 2447 5625 2554 5663; x_wconf 92' lang='lat' dir='ltr'><strong>non</strong></span> <span class='ocrx_word' id='word_1_832' title='bbox 2569 5607 2915 5671; x_wconf 86' lang='lat' dir='ltr'><strong>conﬁteatur,</strong></span> <span class='ocrx_word' id='word_1_833' title='bbox 2935 5616 3118 5675; x_wconf 89' lang='lat' dir='ltr'><strong>aperte</strong></span> <span class='ocrx_word' id='word_1_834' title='bbox 3136 5613 3313 5659; x_wconf 88' lang='lat' dir='ltr'><strong>autem</strong></span> <span class='ocrx_word' id='word_1_835' title='bbox 3332 5605 3551 5660; x_wconf 81' lang='lat' dir='ltr'><strong>convin.</strong></span> 
     </span>
    </p>
   </div>
   <div class='ocr_carea' id='block_1_117' title="bbox 2028 5697 3544 5773">
    <p class='ocr_par' dir='ltr' id='par_1_117' title="bbox 2028 5697 3544 5773">
     <span class='ocr_line' id='line_1_117' title="bbox 2028 5697 3544 5773; baseline -0.002 -19"><span class='ocrx_word' id='word_1_836' title='bbox 2028 5722 2047 5754; x_wconf 84' lang='grc' dir='ltr'><strong>ι</strong></span> <span class='ocrx_word' id='word_1_837' title='bbox 2088 5703 2135 5756; x_wconf 91' lang='lat' dir='ltr'><strong>ci</strong></span> <span class='ocrx_word' id='word_1_838' title='bbox 2177 5717 2285 5758; x_wconf 92' lang='lat' dir='ltr'><strong>non</strong></span> <span class='ocrx_word' id='word_1_839' title='bbox 2318 5701 2581 5773; x_wconf 83' lang='lat' dir='ltr'><strong>potuerit,</strong></span> <span class='ocrx_word' id='word_1_840' title='bbox 2626 5701 2774 5756; x_wconf 84' lang='lat' dir='ltr'><strong>illius</strong></span> <span class='ocrx_word' id='word_1_841' title='bbox 2819 5713 3042 5769; x_wconf 88' lang='lat' dir='ltr'><strong>quoque</strong></span> <span class='ocrx_word' id='word_1_842' title='bbox 3072 5697 3119 5751; x_wconf 89' lang='lat' dir='ltr'><strong>ei</strong></span> <span class='ocrx_word' id='word_1_843' title='bbox 3150 5698 3242 5753; x_wconf 77' lang='lat' dir='ltr'><strong>fiat</strong></span> <span class='ocrx_word' id='word_1_844' title='bbox 3274 5706 3544 5768; x_wconf 84' lang='lat' dir='ltr'><strong>potestas.</strong></span> 
     </span>
    </p>
   </div>
   <div class='ocr_carea' id='block_1_118' title="bbox 2021 5785 3548 5861">
    <p class='ocr_par' dir='ltr' id='par_1_118' title="bbox 2021 5785 3548 5861">
     <span class='ocr_line' id='line_1_118' title="bbox 2021 5785 3548 5861; baseline -0.005 -14"><span class='ocrx_word' id='word_1_845' title='bbox 2021 5792 2224 5851; x_wconf 84' lang='lat' dir='ltr'><strong>BALS.</strong></span> <span class='ocrx_word' id='word_1_846' title='bbox 2261 5793 2554 5858; x_wconf 86' lang='lat' dir='ltr'><strong>Sacerdos,</strong></span> <span class='ocrx_word' id='word_1_847' title='bbox 2581 5790 2675 5861; x_wconf 90' lang='lat' dir='ltr'><strong>qui</strong></span> <span class='ocrx_word' id='word_1_848' title='bbox 2706 5798 2833 5847; x_wconf 82' lang='lat' dir='ltr'><strong>ante</strong></span> <span class='ocrx_word' id='word_1_849' title='bbox 2868 5788 3277 5845; x_wconf 84' lang='lat' dir='ltr'><strong>ordinationem</strong></span> <span class='ocrx_word' id='word_1_850' title='bbox 3307 5785 3548 5842; x_wconf 83' lang='lat' dir='ltr'><strong>fornica-</strong></span> 
     </span>
    </p>
   </div>
  </div>
