4076 6402
591 303 726 372 1219

1846 306 2121 370 TIIECD.
2162 310 2249 368 BA
2262 311 2560 372 LSAMON
2650 316 2657 323 ’

3729 323 3755 386 1
3768 318 3886 386 220

604 415 693 452 ius
731 402 884 460 erat,
926 406 1214 465 pectatuni
1244 409 1342 449 sua
1383 406 1578 463 sponte
1623 408 1741 461 post
1779 397 2158 461 ordinatione"

2285 404 2637 473 ὡμολόγησεν
2668 404 2813 459 ἑκὼν
2841 405 2979 477 μετά
3028 407 3125 479 τὴν
3167 411 3512 481 χειροτονίαν
3539 412 3642 483 τὴν
3674 413 3883 485 ἀμαρο

588 487 777 543 fassns
823 493 931 545 est.
972 484 1167 538 Dicunt
1207 500 1338 556 ergo
1385 485 1595 550 Patres,
1643 503 1766 542 eum
1792 529 1807 555 ,
1853 498 1911 541 ut
1942 491 2034 558 qui
2069 505 2167 547 sua

588 586 791 647 sponte
830 578 1012 633 fassus
1047 576 1145 641 sit,
1182 591 1211 629 a
1249 577 1507 632 sacriﬁcii
1544 578 1762 648 quidem
1798 580 2170 641 celebratione

591 684 835 731 cessare,
872 668 1078 725 habere
1116 678 1300 722 autem
1334 670 1438 722 alia
1471 672 1818 725 sacerdotum
1857 673 2167 742 privilegia,

591 761 804 816 scilicet
834 776 957 814 cum
1000 761 1387 815 sacerdotibus
1426 764 1771 827 cathedram,
1802 778 2171 819 sacramento-

589 868 710 906 rum
748 854 801 907 in
832 852 992 906 altari
1030 853 1532 923 participationem,
1565 864 1619 909 et
1646 856 1753 908 alia
1785 858 2034 925 quazdam
2071 873 2085 911 :
2119 866 2174 910 et

591 946 829 998 maxime
862 946 905 997 si
943 946 1016 999 sit
1048 944 1272 999 virtutis
1303 944 1609 1000 studiosus.
1635 946 1867 1001 Perinde
1893 958 2077 1002 autem
2109 964 2174 1003 ac

588 1032 635 1083 si
666 1030 895 1085 dixisset
918 1032 1218 1101 quispiam,
1244 1032 1349 1085 alia
1378 1048 1605 1103 quoque
1635 1042 1854 1103 peccata
1883 1035 2036 1104 sequi
2068 1037 2175 1089 for-

589 1123 886 1178 nicationis
922 1123 1137 1186 vitium.
1172 1136 1528 1190 consensum,
1561 1140 1756 1181 manus
1787 1128 2174 1185 contreCtatio-

590 1229 740 1275 nem,
777 1214 990 1277 osenla,
1027 1223 1081 1268 et
1112 1215 1425 1283 ltujusmodi
1456 1216 1599 1281 alia;
1634 1226 1687 1275 et
1715 1219 1783 1272 ab
1821 1218 1890 1275 iis
1918 1219 2171 1288 impediri

589 1320 716 1358 eum
745 1305 838 1373 qui
877 1305 1058 1360 fassus
1088 1316 1194 1367 est,
1225 1322 1291 1359 ne
1323 1306 1519 1360 haheat
1548 1310 1854 1363 sacerdotis
1883 1311 2168 1364 honorem:

589 1396 991 1464 Snbjunxernnt
1022 1394 1237 1460 Patres,
1272 1398 1425 1465 quod
1461 1399 1719 1464 quoniam
1753 1401 1820 1454 ab
1852 1401 2171 1471 hujusmodi

591 1486 808 1538 delictis
848 1501 953 1539 non
993 1486 1291 1553 impeditur
1320 1488 1616 1558 quispiam,
1655 1492 1950 1558 quominus
1984 1495 2048 1547 ad
2082 1509 2170 1550 sa-

590 1572 898 1624 cerdotium
954 1576 1316 1640 provehatur,
1355 1578 1485 1643 quia
1538 1577 1654 1631 haec
1700 1578 1766 1632 ab
1823 1582 2171 1639 ordinatione

593 1661 881 1715 solvuntur
904 1705 917 1726 ,
968 1678 1076 1716 non
1124 1665 1450 1733 impedietur
1490 1669 1558 1721 ab
1589 1668 1692 1735 iis,
1735 1672 2034 1739 quominus
2064 1677 2170 1731 alia

594 1752 792 1805 habeat
817 1754 1120 1822 privilegia.
1154 1753 1218 1807 Et
1244 1756 1358 1811 haec
1389 1757 1631 1826 quidem,
1661 1763 1879 1829 quando
1911 1765 2169 1822 sacerdos

591 1856 750 1894 suum
806 1852 1093 1909 peccatum
1136 1848 1429 1901 confessus
1469 1848 1653 1903 fuerit.
1702 1849 1795 1904 Sin
1839 1864 2019 1908 autem
2064 1871 2167 1910 nec

589 1933 875 1986 confessus
910 1948 1009 1986 nec
1051 1946 1236 2003 aperte
1271 1940 1561 1993 convictus
1596 1940 1783 2007 fuerit,
1821 1945 1971 1998 nullo
2007 1947 2168 2001 modo

584 2021 1046 2090 labelactahitnr,
1082 2025 1175 2080 sed
1207 2028 1260 2081 in
1297 2028 1416 2096 ejus
1452 2039 1720 2098 potestate
1751 2034 1855 2088 erit
1885 2050 2046 2090 sacra
2079 2054 2169 2092 ce-

585 2113 804 2170 lebrare
834 2116 917 2169 vel
947 2132 1186 2183 cessare,
1227 2130 1389 2197 prout
1423 2123 1471 2179 ei
1506 2139 1603 2177 sua
1634 2125 1857 2179 dictarit
1884 2131 2169 2184 conscien-

584 2206 703 2273 tia;
759 2211 1219 2277 quemadmodum
1274 2214 1321 2270 si
1378 2218 1670 2275 convictus
1723 2220 1921 2287 fuerit,
1973 2223 2170 2278 exinde

582 2298 910 2366 deponetur,
942 2312 995 2356 et
1026 2319 1126 2357 nec
1152 2307 1361 2362 honore
1388 2323 1490 2362 nec
1520 2310 1628 2365 alio
1661 2314 1948 2385 privilegio
1971 2316 2167 2387 dignus

584 2390 897 2447 habebitur.
929 2392 1095 2464 [‘10
1120 2396 1455 2465 Adjecerunt
1486 2414 1667 2457 autem
1702 2403 1892 2461 Patres
1923 2419 2164 2475 apertam

583 2480 1005 2549 probationem,
1046 2500 1111 2537 eo
1150 2487 1297 2554 quod
1341 2504 1504 2543 nemo
1544 2492 1886 2561 deponatur,
1929 2498 2033 2551 nisi
2070 2513 2169 2567 per

580 2580 797 2639 apertas
813 2575 1184 2643 probationes,
1210 2579 1424 2633 scilicet
1449 2597 1549 2651 per
1570 2582 1982 2642 aﬂirmatiouem
2010 2591 2169 2657 quin-

578 2675 687 2729 que
724 2662 948 2715 testium
973 2664 1304 2736 jurantium.
1335 2669 1477 2723 Dicit
1508 2682 1689 2726 autem
1725 2677 1889 2729 etiam
1921 2679 2003 2733 lex
2038 2682 2169 2733 civi-

580 2751 683 2817 lis;
731 2751 926 2808 Melius
974 2766 1059 2811 est
1104 2771 1327 2827 peccata
1370 2762 1607 2832 relinqui
1646 2765 1946 2835 impunita,
2002 2786 2165 2839 quam

581 2840 800 2911 aliquos
833 2844 953 2898 sine
984 2862 1153 2900 causa
1188 2849 1394 2917 puniri.
1432 2850 1576 2924 Lege
1609 2865 1663 2908 et
1695 2872 1960 2912 canonem
1994 2864 2165 2916 sancti

581 2930 793 2998 Basilii,
829 2937 897 2988 27
932 2947 987 2992 et
1022 2942 1293 2996 novellam
1327 2943 1397 2999 ‘29
1438 2947 1645 3001 domini
1680 2946 1883 3005 Leonis
1916 2950 2166 3008 Philoso-

580 3024 698 3093 phi,
729 3036 783 3080 et
817 3044 881 3081 ex
919 3030 1444 3104 interrogationibus
1478 3038 1641 3095 lactis
1674 3044 1726 3094 in
1764 3047 1975 3113 synodo
2014 3048 2160 3100 Con-

576 3209 840 3265 laicorum
883 3215 1002 3269 loco
1033 3219 1245 3272 censeri
1276 3234 1404 3285 eos,
1435 3224 1527 3292 qui
1558 3224 1791 3294 depositi
1826 3230 2031 3284 fuerint
2059 3250 2071 3285 :
2107 3242 2160 3287 ct

576 3302 666 3356 die
711 3306 937 3372 paucis,
985 3308 1127 3375 quod
1163 3320 1246 3365 est
1285 3311 1590 3367 diﬂ‘erentia
1622 3317 1742 3386 ejus
1777 3321 1867 3389 qui
1913 3326 2161 3391 peccavit

577 3401 705 3447 ante
728 3395 1128 3453 ordinationem
1157 3408 1210 3455 et
1240 3404 1530 3461 confessus
1561 3418 1645 3463 est
1674 3418 1728 3464 et
1761 3411 1878 3477 ejus
1908 3416 1997 3484 qui
2029 3432 2157 3486 pro-

578 3490 697 3549 pter
745 3486 955 3541 crimen
991 3488 1392 3555 condemnatus
1436 3507 1518 3551 est
1563 3509 1687 3568 post
1730 3504 2155 3561 ordinationem.

576 3570 841 3630 Similiter
880 3586 932 3632 et
969 3579 1092 3649 ejus
1128 3584 1218 3652 qui
1256 3585 1360 3638 fuit
1409 3586 1661 3659 digamus
1697 3602 1821 3662 post
1852 3596 2154 3654 ordinatio-

572 3679 719 3733 nem,
765 3676 819 3720 et
873 3670 995 3739 ejus
1042 3675 1131 3727 cui
1183 3678 1551 3734 sacerdotium
1598 3683 1840 3739 ablatum
1892 3699 1996 3743 est.
2049 3689 2154 3755 Qui

570 3757 752 3823 enim,
792 3763 937 3828 quod
972 3774 1097 3819 ante
1139 3768 1539 3825 ordinationem
1608 3777 1919 3845 commisit,
1958 3795 2153 3851 pecca-

574 3856 690 3902 tum
723 3853 1014 3911 confessus
1041 3865 1149 3923 est,
1186 3861 1256 3914 ab
1294 3862 1573 3919 offerendo
1607 3875 1815 3923 tantum
1849 3874 2154 3937 removebi-

574 3949 689 4008 tur,
724 3945 818 3999 sed
854 3948 1186 4006 sacerdotali
1220 3954 1483 4017 cathedra
1518 3958 1716 4027 dignus
1749 3961 2064 4032 habebitur,
2096 3975 2152 4021 et

530 4024 535 4029 ’
570 4035 801 4106 reliquis
830 4038 1123 4110 ejusmodi,
1182 4056 1241 4099 ut
1273 4047 1393 4101 vult
1422 4024 1600 4104 canon
1626 4051 1699 4119 ⁴89
1733 4056 1904 4115 sancti
1940 4056 2145 4125 Basilii.

569 4126 674 4192 Qui
704 4136 883 4184 autem
916 4135 1211 4190 secundam
1244 4152 1473 4205 uxorem
1512 4140 1688 4209 duxit,
1722 4155 1774 4199 et
1802 4161 1860 4203 se
1882 4161 1954 4213 co
1984 4150 2147 4213 modo

569 4220 880 4275 sacerdotio
909 4226 1080 4279 movit
1109 4266 1125 4293 ,
1162 4227 1507 4297 ministeriis,
1554 4248 1674 4303 qua:
1703 4245 1832 4291 sunt
1872 4247 2026 4292 extra
2057 4255 2147 4295 sa-
2182 4254 2198 4320 ς.

568 4321 726 4362 crum
762 4312 1024 4383 tribunal,
1046 4316 1251 4390 dignus
1281 4321 1593 4391 habebitur.
1623 4325 1727 4382 Sed
1752 4328 1851 4396 qui
1884 4338 1968 4385 est
2009 4345 2145 4393 con-
2178 4326 2191 4355 ’⁵

565 4398 882 4471 demnatus,
925 4422 993 4473 ne
1024 4409 1139 4463 hmo
1168 4410 1389 4479 quidem
1422 4415 1717 4485 exercebit,
1752 4418 1844 4472 sed
1880 4420 1934 4473 in
1974 4421 2142 4476 laico-

566 4504 687 4544 rum
722 4494 901 4549 locum
948 4486 1243 4569 rejicictur.
1280 4499 1425 4572 Lege
1463 4520 1588 4576 syn.
1639 4506 1694 4560 in
1719 4507 1935 4564 .Trullo
1971 4526 2142 4566 cano-

566 4598 690 4638 nem
719 4584 784 4638 21
817 4594 873 4641 et
897 4587 988 4654 26,
1020 4599 1074 4643 et
1103 4605 1224 4661 quae
1254 4600 1380 4646 sunt
1412 4594 1465 4647 in
1499 4597 1654 4665 ipsis.
1687 4599 1758 4653 ’19
1792 4610 1971 4657 autem
2003 4605 2136 4678 imp.

565 4672 773 4731 domini
805 4677 1009 4751 Leonis
1048 4678 1328 4750 Sapientis
1360 4686 1606 4753 novella,
1654 4688 1736 4743 sic
1780 4706 1838 4747 se
1870 4672 2034 4750 habet
2070 4672 2139 4753 ad

565 4764 831 4821 verbum:
863 4765 996 4833 Quae
1025 4767 1136 4825 Deo
1164 4773 1332 4826 semel
1373 4784 1501 4829 sunt
1530 4790 1881 4850 consecrata,
1927 4800 1988 4840 ea
2028 4803 2138 4843 non

561 4865 686 4907 esse
712 4854 1008 4911 auferenda
1043 4860 1307 4915 conStitui
1336 4873 1584 4933 oportet;
1621 4867 1784 4938 idque
1817 4887 1924 4927 non
1956 4876 2135 4930 solum

563 4940 620 4995 in
666 4943 833 4997 rebus
883 4945 1140 5012 pretiosis
1186 4955 1556 5020 consecratis,
1604 4958 1700 5011 sed
1756 4961 1925 5015 multo
1969 4966 2135 5019 etiam

563 5031 739 5102 magis
784 5035 839 5087 in
892 5036 1246 5106 hominibus,
1294 5044 1489 5113 quibus
1519 5062 1617 5116 per
1662 5050 1981 5105 clericatum
2025 5052 2135 5107 Deo

562 5119 838 5179 dedicatio
873 5130 1135 5198 accessit;
1168 5136 1409 5202 etiamsi,
1456 5138 1763 5208 cujusmodi
1808 5143 1976 5198 multa
2007 5156 2136 5200 sunt

510 5219 515 5224 '
561 5209 802 5267 humana
822 5215 1042 5286 delicta,
1068 5223 1136 5277 ab
1160 5238 1226 5277 eo
1251 5227 1462 5294 ordine,
1494 5228 1548 5283 in
1580 5247 1708 5300 quo,
1739 5245 1797 5287 ut
1820 5250 1880 5291 se
1903 5237 2133 5295 honeste

556 5306 925 5380 praeclareque
948 5327 1221 5383 gererent,
1245 5318 1403 5375 electi
1430 5331 1582 5387 sunt,
1606 5329 1948 5395 tyrannidem
1976 5347 2133 5386 exer-

556 5409 690 5453 cens
736 5416 832 5456 eos
881 5417 1166 5473 precatum
1210 5410 1533 5469 detruserit.
1567 5412 1781 5475 Veteris
1824 5422 2009 5494 itaque
2055 5425 2133 5479 le-

552 5491 829 5562 gislatoris
857 5497 1163 5557 institutum
1201 5520 1309 5560 non
1342 5508 1706 5579 admittimus,
1742 5514 1834 5583 qui
1867 5491 1981 5570 vult
2005 5534 2130 5589 pre-

553 5583 829 5653 sbyterum
856 5592 938 5645 vel
968 5592 1258 5650 diaconum
1291 5600 1372 5652 vel
1400 5602 1821 5673 subdiaconum,
1846 5610 1940 5679 qui
1973 5583 2127 5679 post.

512 5688 515 5691 ·
552 5688 717 5743 quam
746 5679 794 5735 ei
826 5695 1023 5740 manus
1050 5696 1129 5743 est
1153 5687 1424 5760 imposita,
1445 5709 1570 5751 cum
1594 5699 1819 5755 muliere
1844 5701 2128 5775 conjungi-

2276 497 2422 551 τίαν.
2453 497 2624 553 Φασὶν
2658 498 2821 552 οὖνοί
2849 499 3093 568 Πατέρες
3128 503 3221 554 τὸν
3260 502 3504 556 τοιοῦτον
3559 504 3639 568 ὡς
3700 506 3886 558 αὐτοο

2274 588 2443 652 θελῶς
2492 591 3040 663 ὲξομολογησάμενον
3071 592 3172 661 τῆς
3203 594 3303 662 μὲν
3368 594 3693 666 ἱερουργίας
3734 614 3885 651 παυ-

2272 681 2458 751 θῆναι,
2489 681 2633 751 ἔχειν
2660 682 2716 736 δὲ
2740 683 2906 738 τᾶλλα
2922 684 3200 753 προνόμια
3232 683 3340 738 τῶν
3372 686 3586 756 ἱερέων,
3614 687 3884 758 δηλονότι

2273 773 2372 843 τὴν
2403 776 2543 844 μετὰ
2588 774 2699 827 τῶν
2730 775 2924 845 ἱερέων
2961 775 3259 851 καθέδραν,
3313 778 3416 847 τὴν
3470 779 3529 833 ἐν
3566 780 3647 850 τῷ
3674 780 3884 834 θυσια-

2277 868 2486 938 στηρίῳ
2537 868 2647 921 τῶν
2716 869 3078 939 ἀγιασμάτων
3145 870 3474 941 μετάληψιν,
3542 873 3642 937 καὶ
3701 873 3883 944 ἕτερά

2270 977 2419 1025 τινα,
2455 960 2549 1014 καὶ
2620 960 2857 1031 μάλιστα
2912 963 3009 1018 ἐὰν
3094 962 3234 1032 πρὸς
3280 963 3485 1035 ἀρετὴν
3567 966 3879 1032 σπουδαῖός

2275 1052 2443 1105 ἐστιν.
2478 1054 2572 1117 Ὠς
2623 1071 2768 1117 τινος
2798 1053 2853 1107 δὲ
2902 1054 3149 1117 εἰπόντος
3212 1056 3606 1123 ἐπακολουθεῖν
3643 1057 3728 1128 τῷ
3765 1061 3876 1114 πά-

2278 1144 2360 1197 θει
2388 1144 2494 1213 τῆς
2529 1146 2788 1215 πορνείας
2816 1148 2909 1203 καὶ
2958 1147 3094 1203 ἄλλα
3122 1150 3244 1201 τινὰ
3284 1148 3691 1219 ἁμαρτήματα,
3729 1168 3867 1219 συγ-

2273 1236 2592 1300 κατάθεσιν,
2644 1238 2790 1307 ἁφὴν
2844 1238 3053 1307 χειρὸς,
3090 1238 3397 1308 φιλήματα,
3458 1239 3553 1291 καὶ
3600 1242 3869 1307 τοιαῦτα,

2275 1330 2372 1381 καὶ
2400 1329 2509 1383 άπὸ
2529 1330 2731 1382 τούτων
2756 1330 3151 1400 ἐμποδίζεσθαι
3184 1335 3277 1386 τὸν
3324 1333 3871 1404 ὲξομολογούμενον,

2272 1420 2413 1473 ὥστε
2456 1422 2600 1489 ἔχειν
2622 1422 2787 1492 τιμὴν
2814 1424 3026 1494 ἱερέως,
3061 1425 3343 1491 ἐπήγαγον
3368 1428 3418 1478 οἱ
3492 1426 3743 1496 Πατέρες
3763 1429 3867 1491 ὡς,

2272 1511 2396 1565 ἐπεὶ
2420 1513 2526 1564 ἀπὸ
2551 1514 2813 1575 τοιούτων
2873 1515 3298 1585 ἁμαρτημάτων
3347 1516 3448 1568 οὐκ
3498 1519 3867 1586 ἐμποδίζεταί

2271 1621 2355 1665 τις
2387 1605 2467 1668 είς
2491 1605 2791 1675 ἱερωσύνην
2828 1604 3395 1676 προαναϐιόασθῆναι,
3427 1609 3512 1663 διὰ
3546 1611 3606 1665 τὸ
3630 1611 3867 1665 λύεσθαι

2272 1696 2446 1749 ταῦτα
2488 1697 2593 1749 ὑπὸ
2618 1696 2719 1765 τῆς
2752 1698 3110 1768 χειροτονίας,
3138 1700 3199 1752 ού
3258 1700 3637 1773 κωλυθήσεται
3672 1706 3734 1772 ἑξ
3766 1711 3870 1760 αύ-

2271 1788 2380 1841 τῶν
2406 1788 2550 1859 ἔχειν
2576 1793 2645 1842 τὰ
2673 1789 2808 1843 ἄλλα
2845 1792 3285 1859 προνόμιαιΚαὶ
3311 1793 3491 1851 ταῦτα
3560 1798 3687 1865 μὲν,
3728 1800 3870 1852 ὅταν

2276 1879 2511 1947 ὁὶερεὺς
2593 1882 3061 1955 ἐξομολογήσηται
3138 1885 3199 1941 τὸ
3234 1886 3580 1961 ⁴ἁμάρτημα·
3647 1890 3750 1942 ἐὰν
3808 1892 3870 1944 δὲ

2274 1970 2415 2039 μήτε
2440 1972 2758 2045 ὁμολογήσῃ
2781 1977 2921 2046 μήτε
2943 1978 3175 2051 ἐλεγχθῇ
3209 1982 3481 2051 φανερῶς,
3505 1981 3869 2037 οὖδεπωσοῦν

2272 2066 2831 2137 παρασαλευθήσεται
2859 2087 2871 2099 ·
2894 2069 3033 2124 ἀλλὰ
3066 2073 3202 2138 παρ’
3242 2074 3395 2146 αὐτῷ
3426 2074 3678 2127 κείσεται
3711 2075 3870 2139 ἐξου-

2273 2156 2362 2208 σία
2399 2157 2493 2210 τοῦ
2519 2160 2891 2232 ἱερουργείνῆ
2943 2163 3258 2219 παύσασθαι
3328 2166 3467 2235 πρὸς
3514 2166 3576 2219 τὸ
3652 2168 3869 2221 οἰκεῖον

2271 2249 2512 2314 συνειδός
2539 2267 2553 2281 ·
2587 2251 2781 2323 ὥσπερ
2814 2254 2909 2329 εὰν
2941 2256 3200 2328 ἐλεγχθῇ,
3232 2258 3590 2313 ,ἀπεντεῦθεν
3652 2260 3868 2321 καθαι-

2271 2339 2585 2413 ρεθήσεται,
2609 2346 2703 2397 καὶ
2727 2345 3079 2421 οὐδὲτιμῆςῆ
3124 2350 3287 2403 ἄλλου
3341 2352 3648 2422 προνομίου
3694 2353 3870 2418 ἀξιω-

2272 2431 2521 2500 θήσεται.
2565 2435 2900 2505 Προσέθεντο
2953 2436 3010 2492 δὲ
3046 2439 3099 2493 οἱ
3151 2440 3395 2510 Πατέρες
3444 2440 3535 2494 τὸν
3615 2445 3864 2512 φανερὸν

2269 2522 2515 2593 ἔλεγχον,
2550 2526 2637 2579 διὰ
2665 2528 2725 2580 τὸ
2760 2529 2972 2600 μηδένα
2996 2534 3387 2601 καθαιρεῖσθαι
3418 2535 3468 2588 εί
3516 2533 3595 2607 μὴ
3633 2535 3731 2591 διὰ
3758 2554 3865 2606 φα-

2269 2616 2442 2684 νερῶν
2470 2618 2827 2685 ἀποδείξεων,
2895 2624 3017 2692 ἦτοι
3068 2625 3159 2683 διὰ
3212 2629 3569 2693 καταθέσεῳς
3643 2634 3862 2701 μαρτύ-

2273 2722 2383 2777 ρων
2447 2708 2612 2763 πέντε
2675 2712 3013 2782 ὀμνυόντων.
3091 2719 3230 2788 Φησὶ
3293 2721 3351 2773 δὲ
3402 2722 3499 2776 καὶ
3556 2723 3587 2775 ὁ
3644 2723 3859 2792 νόμος⁶

2272 2799 2544 2867 Κρεῖττόν
2573 2804 2692 2857 ἐστι
2724 2806 2794 2873 τὰ
2818 2807 3194 2882 ἁμαρτήματα
3208 2814 3545 2884 ἁνεκδίκητα
3576 2817 3862 2886 καταλιμ-

2271 2892 2562 2957 πάνεσθαι,
2596 2896 2630 2966 ἦ
2657 2913 2814 2962 τινας
2835 2902 3114 2965 ἀναιτίους
3148 2905 3500 2970 κολάζεσθαι.
3545 2909 3858 2976 Ἀνάγνωθι

2268 2984 2480 3039 καὶτὸν
2538 2989 2619 3053 κζ’
2651 2991 2852 3055 κανόνα
2884 2994 2978 3047 τοῦ
3018 2996 3179 3062 ἁγίου
3259 2997 3548 3053 Βασιλείου
3596 3002 3695 3055 καὶ
3753 3004 3860 3075 τὴν

2188 3092 2229 3148 C
2266 3072 2339 3127 σθ’
2361 3078 2559 3147 νεαρὰν
2586 3080 2681 3133 τοῦ
2714 3081 2980 3153 βασιλέως
3007 3087 3201 3157 κυρίου
3250 3089 3478 3153 Λέοντος
3541 3092 3641 3145 τοῦ
3697 3072 3861 3151 Φιλοε

576 3122 1059 3188 stantinopolitana
1084 3125 1588 3197 interpretationem
1634 3140 1905 3205 responsi,
1928 3140 2158 3195 dicentis
2188 3122 2199 3155 “

2270 3167 2457 3235 σόφου,
2484 3171 2582 3222 καὶ
2616 3172 2722 3226 ἀπὸ
2766 3174 2874 3227 τῶν
2915 3179 3220 3245 γεγονυιῶν
3288 3182 3618 3255 ἐρωτήσεων
3640 3187 3724 3248 εἰς
3755 3188 3858 3256 τὴν

2262 3256 2564 3328 ἑρμηνείαν
2589 3262 2685 3332 τῆς
2727 3265 3100 3337 ἀποκρίσεως,
3131 3270 3232 3340 τῆς
3283 3272 3552 3345 λεγούσης
3608 3277 3692 3339 είς
3760 3282 3857 3331 τὸν

2261 3352 2427 3407 τόπον
2449 3354 2741 3409 τάττεσθαι
2792 3359 2898 3412 τῶν
2946 3360 3150 3427 λαῖκῶν
3198 3364 3327 3429 τοὺς
3360 3368 3803 3443 καθαιρεθέντας
3835 3387 3855 3404 ·

2263 3443 2360 3495 καὶ
2401 3448 2732 3517 συναγαγὼν
2772 3452 2893 3503 εἰπὲ
2920 3452 2999 3505 ὅτι
3033 3454 3273 3526 διαφορά
3306 3459 3424 3512 ἐστι
3470 3460 3566 3513 τοῦ
3604 3463 3715 3532 πρὸ
3749 3465 3855 3534 τῆς

2264 3536 2605 3600 χειροτονίας
2675 3539 3060 3611 ἡμαρτηκότος
3123 3547 3218 3603 καὶ
3264 3546 3847 3622 ἐξομολογησαμένου.

2258 3625 2352 3676 καὶ
2390 3626 2483 3678 τοῦ
2510 3630 3007 3699 καταδικασθέντος
3088 3637 3178 3693 διὰ
3227 3639 3487 3713 ἔγκλημα
3546 3647 3690 3716 μετὰ
3742 3652 3849 3715 τὴν

2254 3718 2592 3787 χειροτονίαν
2622 3735 2636 3749 ·
2689 3722 2947 3789 ὡσαύτως
2980 3728 3073 3780 καὶ
3114 3730 3209 3783 τοῦ
3244 3732 3649 3806 διγαμήσαντος
3696 3742 3847 3805 μετὰ

2253 3805 2359 3876 τὴν
2392 3812 2757 3880 χειροτονίαν,
2791 3818 2884 3869 καὶ
2915 3821 3309 3891 ἀφαιρεθέντος
3338 3805 3446 3896 τὴν
3506 3829 3839 3903 ἱερωσύνην.

2264 3899 2323 3952 '0
2352 3902 2452 3969 μὲν
2484 3904 2593 3974 γὰρ
2628 3906 3167 3983 ἐξομολογησάμενος
3203 3918 3303 3987 τὴν
3349 3920 3456 3989 πρὸ
3485 3920 3588 3990 τῆς
3648 3899 3842 3993 χειρο-

2249 3993 2434 4057 τονίας
2459 3996 2739 4067 ἁμαρτίαν
2784 4002 2953 4070 μόνου
2983 4004 3087 4057 τοῦ
3117 4011 3453 4079 προσφέρειν
3496 4017 3739 4085 στερηθή
3752 4035 3842 4071 σε-

2248 4098 2338 4135 ται
2369 4100 2384 4115 ·
2411 4085 2686 4158 καθέδρας
2703 4089 2759 4143 δὲ
2801 4093 3087 4166 ἱερατικῆς
3105 4097 3478 4169 ἀξιωθήσεται
3500 4104 3597 4157 καὶ
3619 4106 3843 4162 λοιπῶν

2247 4174 2530 4243 τοιούτων,
2574 4185 2715 4247 κατὰ
2738 4184 2834 4236 τὸν
2865 4183 2957 4251 πθ(
2971 4188 3170 4255 κανόνα
3195 4192 3290 4247 τοῦ
3323 4194 3483 4262 ἁγίου
3519 4196 3839 4257 Βασιλείου.

2256 4259 2317 4317 Ὅ
2357 4266 2414 4318 δὲ
2494 4269 2827 4342 διγαμήσας,
2879 4278 2973 4330 καὶ
3035 4281 3229 4335 ἑαυτὸν
3292 4259 3728 4361 τοιουτοτρόπως
3770 4297 3843 4350 ἐκ

2247 4354 2350 4424 τῆς
2380 4357 2684 4432 ἱερωσύνης
2720 4371 3122 4447 μετακινήσας,
3160 4376 3268 4428 τῶν
3306 4377 3413 4443 ἔξω
3444 4354 3556 4447 τού
3578 4354 3844 4455 βήματος

2174 4446 2528 4520 υλδιακονιῷν
2556 4453 2943 4528 ἀξιωθήσεται.
3007 4463 3065 4515 ’0
3124 4465 3183 4519 δὲ
3218 4446 3673 4538 καταδικασθεὶς..
3703 4446 3839 4539 qtae:

2242 4538 2416 4590 ταῦτα
2440 4541 2746 4613 ἐνεργήσει,
2783 4548 2900 4609 ἀλλ’
2938 4552 3030 4620 ,εἰς
3088 4555 3178 4608 τὸν
3227 4558 3393 4612 τόπον
3438 4562 3547 4615 τῶν
3613 4564 3839 4635 λαῐκῶν

2244 4629 2565 4701 ῥιφήσεται.
2609 4636 2912 4706 Ἀνάγιωθι
2940 4650 3034 4697 καὶ
3066 4647 3167 4717 τῆς
3193 4649 3251 4701 ὲν
3273 4651 3349 4721 τῷ
3374 4653 3636 4726 Τρούλλῳ
3697 4634 3840 4716 συνέ

2250 4717 2374 4777 όδου
2406 4723 2606 4778 κανόνα
2637 4727 2722 4779 κα¹
2744 4732 2838 4789 καὶ
2872 4733 2945 4785 ,τὰ
2974 4735 3029 4788 ἐν
3059 4738 3261 4803 αὐτοῖς.
3320 4717 3391 4793 -Ἡ
3528 4717 3616 4799 οθί
3652 4754 3840 4820 νεαρᾶ

2242 4809 2336 4862 τοῦ
2366 4811 2634 4889 βασιλέως
2663 4824 2832 4891 κυροῠ
2868 4824 3097 4895 Λέοντος
3135 4831 3228 4883 τοῦ
3258 4833 3433 4902 Σοφοῦ
3492 4837 3607 4907 ἔχει
3679 4848 3837 4899 κατὰ

2242 4897 2396 4967 ῥῆμα
2433 4901 2606 4968 οὕτως
2640 4922 2655 4935 ’
2694 4906 2774 4960 Τὰ
2805 4910 2955 4977 ἅπαξ
2981 4897 3384 4990 άνατεθειμένα
3406 4924 3484 4995 τῷ
3685 4897 3836 4987 diu:

2243 4990 2480 5059 φαίρετα
2509 4994 2619 5047 δεῖν
2651 4994 2797 5053 εἶναι
2826 5004 3216 5076 καθίστασθαι,
3244 5015 3520 5071 καὶτοῦτο
3557 5023 3615 5073 οὐ
3653 5024 3836 5091 μόνον

2235 5079 2329 5132 ἐπὶ
2355 5087 2657 5156 κειμηλίων
2684 5093 3096 5167 άνιερωμένων,
3120 5103 3257 5158 ἀλλὰ
3288 5107 3423 5165 πολὺ
3466 5110 3677 5180 μᾶλλον
3729 5117 3831 5189 ἐπ’

2236 5176 2569 5247 ἀνθρώπων,
2595 5178 2676 5248 οἷς
2704 5188 2793 5240 διὰ
2816 5190 2915 5243 τοῦ
2949 5192 3155 5264 κλήρου
3210 5176 3581 5273 προσγένηται
3613 5206 3646 5275 ἡ
3680 5182 3830 5280 πρές

2233 5266 2294 5319 τὸ
2366 5268 2509 5325 θεῖον
2545 5275 2823 5344 ἀνάθεσις,
2866 5284 2990 5350 κᾶν,
3015 5282 3101 5339 οἷα
3157 5266 3323 5343 πολλά
3366 5266 3438 5346 τὰ
3475 5266 3831 5366 ⁷ἀνθριὶητινά

2234 5363 2575 5433 πταίσματα,
2605 5369 2707 5437 τῆς
2738 5373 2948 5439 τάξεως
2975 5379 3033 5431 ὲν
3076 5375 3109 5451 ᾖ
3159 5382 3489 5453 διαπρέπειν
3542 5363 3830 5461 κατεκλη-

2233 5451 2514 5524 ρὼθησαν,
2552 5460 2584 5529 ἠ
2620 5462 2887 5532 τύραννος
2941 5470 3141 5533 αὐτοὺς
3175 5451 3507 5547 ὲξωθήσειεν
3538 5451 3822 5555 ἁμαρτία,

2235 5544 2349 5598 Οὐκ
2376 5548 2771 5621 ἀποδεχόμενοι
2795 5555 2888 5609 οὖν
2916 5560 3015 5630 τῆς
3047 5544 3427 5637 προαιρέσεως
3444 5570 3538 5623 τὸν
3575 5544 3826 5629 παλαιὸν

2229 5637 2624 5710 νομοθέτην,ὂς
2672 5644 2926 5714 βούλεται
2972 5656 3344 5728 πρεσϐύτερον
3409 5659 3442 5731 ἢ
3500 5662 3823 5740 διάκονονῆ

2230 5728 2608 5799 ὑποδιάκονον,
2651 5738 2790 5806 μετὰ
2824 5743 2922 5812 τὴν
2956 5745 3043 5798 ἐπ’
3083 5749 3232 5821 αύτῷ
3270 5753 3621 5823 χειροθεσίαν
3649 5774 3828 5813 συνα-
