4076 6408
366 324 497 390 ιερι

1356 408 1364 415 γ
1429 327 1510 387 1N
1551 329 1716 389 CAN.
1750 329 1802 387 Χ
1839 325 2052 416 CONQ.
2091 324 2528 389 necessari.

3492 327 3630 392 1922

359 446 636 513 πιόμενον
678 444 921 515 γαμετῇ,
948 442 1230 507 παντελῶς
1253 444 1498 496 τοιούτου
1554 444 1937 509 ὑπεξίστασθαι

2054 456 2164 510 tur,
2201 446 2270 499 ab
2316 460 2379 499 eo
2431 445 2617 499 liabitu
2664 442 3202 508 emnino’excidcrc,
3249 450 3301 496 et
3344 442 3410 497 ad
3462 444 3626 498 vitam

360 537 665 607 σχήματος,
695 538 785 588 καὶ
832 535 971 606 πρὸς
1000 537 1091 588 τὸν
1131 535 1323 589 λαῖκδν
1386 534 1503 605 βίον
1594 538 1938 605 ἐπαναστρέ-

362 628 589 692 φεσθαι,
625 628 947 698 άκυροῦμεν
995 631 1052 681 τὴ
1077 630 1275 698 δόγμα.
1315 629 1666 699 Θεσπίζομεν
1706 628 1761 681 δὲ
1787 630 1944 699 μόνον

357 721 425 789 τῇ
460 719 809 787 ὑποχωρήσει
846 721 944 786 τῆς
973 719 1179 782 τάξεως
1212 717 1297 785 ἐφ’
1448 719 1554 788 πρὸ
1608 718 1703 770 τοῦ
1761 721 1942 786 γάμου

359 811 742 878 ἐγνωρίζοντο,
781 811 1068 882 ἀρκεῖσθαι
1099 811 1198 881 τὴν
1225 810 1381 879 δίκην
1444 812 1629 872 αὐτοῖς
1671 827 1683 839 ’
1735 809 1829 862 τοῦ
1888 808 1945 861 δὲ

360 903 627 974 κληρικοῦ
661 903 952 971 σχήματος
1002 904 1094 955 καὶ
1141 904 1245 971 τῆς
1279 904 1445 973 ἄλλης
1478 906 1533 957 ἐν
1558 906 1679 966 ταῖς
1745 902 1945 972 ἐκκλη-

360 994 507 1056 σίαις
541 994 868 1063 ὑπηρεσίας,
902 989 967 1063 ἧς
1003 995 1347 1061 ἐφάπτεσθαι
1381 999 1480 1047 οὐκ
1543 996 1822 1063 ἀθέμιτον,
1867 996 1941 1066 μὴ

360 1085 685 1138 παντάπασι
723 1084 819 1153 τὴν
851 1085 1210 1157 ἀλλοτρίωσιν
1249 1087 1731 1152 καταδικάξεσθαι.

427 1178 673 1231 ΖΩΝΑΡ.
728 1179 856 1231 Ἐάν
892 1195 974 1240 τις
1004 1179 1112 1248 πρὸ
1140 1181 1239 1248 τῆς
1268 1181 1351 1242 εἰς
1405 1181 1710 1252 ἱερωσύνην
1760 1197 1940 1253 χειρο-

362 1270 544 1332 τονίας
573 1271 795 1341 ἁμάρτῃ
824 1271 1062 1340 σώματι,
1093 1273 1265 1342 ῆγουν
1295 1273 1458 1342 μέχρι
1493 1274 1693 1343 μίξεως
1753 1292 1942 1345 σαρκι-

358 1363 462 1431 κῆς
494 1362 645 1434 ἔλθῃ,
703 1359 822 1415 εἶτα
873 1365 1144 1436 προαχθῇ,
1214 1367 1342 1420 ἀντὶ
1396 1367 1512 1433 τοῦ,
1574 1369 1944 1439 πρεσϐύτερος

359 1453 745 1523 χειροτονηθῇ,
777 1454 869 1507 καὶ
905 1456 1048 1525 μετὰ
1090 1457 1188 1526 τὴν
1243 1460 1587 1528 χειροτονίαν
1630 1460 1944 1531 ὁμολογήσῃ

357 1543 457 1613 τὴν
491 1545 803 1614 ἁμαρτίαν,
837 1547 1176 1621 προσφέρειν
1254 1550 1352 1619 μὲν
1417 1551 1475 1602 ού
1550 1554 1939 1621 συγχωρεῖται,

358 1638 640 1691 τουτέστιν
702 1640 1014 1710 ἱερουργεῖν
1054 1654 1067 1668 ·
1137 1644 1290 1711 μενεῖ
1318 1642 1373 1695 δὲ
1412 1644 1469 1694 ἐν
1543 1645 1656 1706 τοῖς
1739 1643 1939 1709 ἄλλοις,

354 1731 642 1784 τουτέστιν
681 1735 737 1785 ἐν
765 1735 829 1801 τῇ
864 1734 995 1803 τιμῇ
1024 1732 1138 1785 τῶν
1176 1733 1390 1804 ἱερέων,
1433 1736 1495 1787 ἐν
1542 1738 1609 1805 τῇ
1671 1735 1943 1806 καθέδρα,

357 1824 453 1877 καὶ
495 1824 551 1876 ἐν
579 1824 657 1893 τῷ
693 1823 1072 1895 θυσιαστηρίῳ
1134 1826 1242 1877 τῶν
1292 1828 1655 1897 ἀγιασμάτων
1707 1829 1945 1901 μεταλή-

356 1916 542 1984 ψεται,
574 1916 669 1968 καὶ
701 1916 836 1970 ἄλλα
874 1916 988 1984 ἓξει
1014 1917 1285 1988 προνόμια
1330 1918 1415 1972 διὰ
1451 1920 1548 1991 τὴν
1580 1920 1745 1991 ἄλλην
1774 1939 1944 1975 σπου-

358 2008 453 2078 δὴν
481 2009 797 2071 σπουδαῖος.
847 2009 1253 2079 Ἀμαρτήματα
1291 2011 1398 2081 γὰρ
1453 2012 1521 2065 τὰ
1599 2013 1829 2079 ἐλάττω,
1876 2014 1944 2069 τὰ

358 2101 497 2170 πρὸς
556 2102 655 2169 τῆς
688 2102 886 2170 μίξεως
932 2101 1156 2171 δηλαδὴ,
1190 2100 1303 2156 οἷον
1326 2102 1424 2175 τὴν
1512 2105 1940 2173 συγκατάθεσιν,

355 2194 416 2244 τὸ
448 2192 690 2260 ἅψασθαι
723 2195 870 2263 χειρὶ
918 2195 1205 2261 γυναικὸς,
1274 2196 1333 2247 τὸ
1392 2178 1559 2266 μέχρι
1634 2197 1943 2266 φιλήματος

358 2281 670 2352 προελθεῖν,
704 2284 736 2352 ἡ
768 2282 1083 2352 χειροθεσία
1116 2282 1254 2348 λύει,
1282 2282 1441 2352 φησί.
1477 2285 1589 2336 Καὶ
1634 2284 1755 2337 οὐδὲ
1785 2285 1943 2336 τοῦτο

356 2372 433 2436 ὡς
459 2373 890 2444 ὁμολογούμενον
910 2371 1056 2437 εἷπε,
1083 2375 1220 2427 ἀλλὰ
1246 2374 1692 2443 κεκολασμένως,
1710 2375 1938 2443 ἔφασαν,

355 2462 544 2526 εἰπὼν,
577 2466 624 2517 οἱ
657 2464 865 2527 πολλοὶ,
892 2466 1013 2517 ἀντὶ
1047 2464 1165 2529 τοῦ,
1193 2465 1268 2527 ὠς
1294 2466 1446 2535 παρὰ
1483 2482 1644 2518 τινων
1693 2464 1938 2532 λέγεται.

355 2554 421 2608 Et
459 2556 559 2625 μὲν
583 2555 676 2609 οὖν
733 2557 896 2620 αὐτὸς
947 2558 1201 2625 ὁμολογεῖ
1235 2558 1294 2609 τὸ
1322 2558 1649 2627 ἁμάρτημα,
1676 2558 1744 2609 τὰ
1781 2559 1939 2627 είρη-

355 2647 493 2717 μένα
521 2648 814 2719 γενήσεται
852 2666 863 2678 ⁸
886 2648 935 2700 εἰ
968 2648 1024 2701 δὲ
1053 2648 1153 2718 οὔχ
1189 2648 1446 2718 ὁμολογεῖ
1473 2649 1598 2700 οὔτε
1643 2648 1941 2717 προφανῶς

354 2741 657 2811 ἐλέγχοιτο,
739 2742 861 2796 τότε
894 2740 1003 2811 χρὴ
1034 2742 1132 2811 τὴν
1169 2741 1420 2808 ἐξουσίαν
1440 2741 1533 2792 τοῦ
1570 2742 1878 2809 ἱερουργεῖν
1910 2738 1941 2808 ἢ

355 2833 677 2888 παύσασθαι
735 2837 945 2888 ἐκεῖνον
974 2834 1141 2905 ἔχειν,
1168 2835 1281 2895 ἵνα,
1316 2835 1363 2885 εί
1396 2833 1638 2885 σύνοιδεν
1669 2832 1849 2901 ἑαυτῷ
1880 2833 1940 2885 τὸ

356 2928 682 2997 ἁμάρτημα,
717 2926 997 2995 παύσηται
1066 2925 1165 2992 τῆς
1215 2924 1562 2992 λειτουργίας
1606 2942 1620 2955 ·
1683 2926 1939 2994 κρεῖσσον

352 3019 483 3085 γὰρ,
531 3017 663 3085 φησί
699 3032 803 3067 που
835 3017 1070 3084 ὁνὸμος,
1127 3014 1193 3066 τὰ
1241 3014 1617 3083 ἁμαρτήματα
1666 3015 1936 3083 καταλιμ-

354 3110 621 3162 πάνεσθαι
650 3107 993 3176 ἁνεκδίκητα,
1030 3107 1062 3177 ἧ
1100 3122 1252 3166 τινας
1304 3102 1558 3165 ἀναιτίως
1592 3103 1947 3168 καλάζεσθαι.

2049 541 2243 593 laicam
2290 538 2471 591 redire
2508 552 2524 590 :
2570 544 2621 590 ct
2655 536 2933 591 decretum
2972 536 3335 590 infirmamus.
3376 537 3632 591 Decerni-

2049 650 2173 687 mus
2209 640 2390 684 autem
2428 630 2604 685 solum
2640 641 2693 683 ut
2725 630 2937 685 ordinis
2969 632 3244 694 cessione,
3281 630 3333 683 in
3363 645 3472 699 quo
3502 639 3631 685 ante

2047 722 2459 777 matrimonium
2509 722 2981 790 cognoscebatur,
3031 722 3283 790 supplicii
3336 722 3473 777 satis
3515 722 3625 777 sit:

2045 814 2234 869 clerici
2268 823 2450 866 autem
2501 811 2757 876 habitus,
2807 822 2859 866 et
2896 814 3042 865 alius
3086 815 3138 866 in
3179 814 3428 869 ecclesiis
3467 815 3629 868 mini-

2047 907 2231 969 srcrii,
2281 906 2425 971 quod
2476 905 2627 959 nefas
2674 922 2780 958 non
2831 915 2915 957 est
2956 907 3253 976 attingere,
3298 908 3628 962 alienatione

2046 1014 2155 1050 non
2183 996 2407 1049 omnino
2438 998 2853 1050 condemnetur.

2119 1180 2377 1236 ZONM‘l.
2403 1180 2482 1244 Si,
2520 1196 2842 1251 priusquam
2874 1182 3046 1235 sacris
3074 1181 3359 1235 ordinibus
3386 1183 3630 1234 initiare-

2048 1284 2155 1340 tur,
2192 1289 2426 1341 corpore
2459 1274 2731 1343 quispiam
2769 1276 3097 1341 peccaverit,
3133 1274 3232 1325 hoc
3264 1282 3367 1337 est,
3400 1274 3467 1326 ad
3505 1274 3626 1327 lilii-

2044 1366 2297 1419 dinosam
2332 1381 2505 1435 usque
2551 1380 2839 1433 corporum
2881 1366 3318 1419 commistiouem
3373 1380 3627 1435 progres-

2048 1475 2142 1514 SllS
2186 1459 2391 1523 fuerit,
2427 1457 2626 1511 deinde
2667 1473 2796 1512 vero
2833 1457 3135 1513 admissum
3166 1457 3374 1510 crimen
3407 1473 3627 1526 promo-

2048 1564 2159 1616 tus,
2196 1554 2298 1606 boe
2332 1560 2434 1615 est,
2470 1551 2558 1605 ubi
2601 1550 2862 1604 sacerdos
2886 1561 3101 1604 creatus
3135 1549 3332 1613 fuerit,
3366 1548 3626 1603 conli'tea-

2048 1658 2170 1709 tur,
2232 1644 2466 1709 oﬂ‘erre,
2532 1644 2635 1697 hoc
2693 1653 2808 1706 est,
2860 1658 3014 1698 sacra
3079 1643 3357 1697 celebrare
3418 1640 3675 1719 homini.

2052 1751 2395 1805 nequaquam
2440 1734 2667 1791 licebit:
2716 1747 2971 1788 caeterum
3008 1734 3147 1798 alia,
3190 1733 3399 1787 sciliCct
3439 1746 3625 1785 sacer-

2049 1829 2235 1882 dotum
2275 1829 2537 1881 honorem
2566 1868 2581 1891 ,
2630 1826 2906 1881 cathedra:
2944 1826 3355 1895 pra'rogativam
3378 1865 3391 1888 ,
3425 1824 3628 1895 jusque

2046 1928 2307 1989 praeterea
2359 1920 2410 1971 in
2455 1918 2615 1971 altari
2660 1916 3123 1978 communicandi,
3158 1914 3432 1975 retinebit,
3475 1914 3627 1966 aliis-

2047 2026 2152 2080 que
2204 2010 2276 2064 ob
2323 2008 2458 2063 alias
2507 2010 2770 2075 virtutes,
2801 2009 2844 2062 si
2880 2007 3136 2062 nimirum
3166 2006 3287 2059 vitm
3320 2005 3530 2075 integer
3560 2018 3625 2058 ac

2044 2103 2264 2158 virtutis
2304 2101 2623 2156 exercenda:
2670 2102 2947 2155 studiosus
2980 2101 3079 2163 sil,
3115 2098 3411 2169 privilegiis
3455 2097 3626 2152 coho-

2046 2196 2378 2249 neslabitur.
2443 2193 2578 2247 Nam
2638 2195 2847 2263 reliqua
2909 2194 3123 2247 minora
3175 2193 3449 2254 crimina,
3502 2206 3626 2259 qum

2044 2284 2296 2338 videlicet
2318 2284 2763 2353 conjunctionem
2787 2298 3075 2353 corporum
3098 2280 3625 2349 coniitaulur,quale

2043 2389 2129 2434 est
2162 2377 2392 2432 facinori
2429 2376 2719 2441 assentiri,
2755 2384 3097 2431 contrectare
3138 2391 3299 2429 manu
3340 2374 3623 2438 feminam,

2043 2468 2293 2524 osculum
2351 2483 2570 2536 quoque
2630 2467 2803 2521 eidem
2864 2465 3159 2535 impertiri,
3229 2466 3372 2528 haec,
3423 2464 3625 2534 inquit,

2046 2575 2307 2615 manuum
2356 2559 2704 2628 impositioue
2748 2544 3036 2611 tolluntur.
3070 2555 3269 2611 Verum
3308 2574 3375 2611 ne
3409 2556 3460 2610 id
3502 2559 3627 2626 qui-

2045 2647 2165 2702 dem
2199 2657 2456 2715 tauquain
2483 2649 2709 2699 omnino
2745 2656 2977 2710 certum,
3012 2645 3103 2698 sed
3140 2661 3259 2697 cum
3289 2661 3349 2697 ea
3379 2646 3627 2698 modera-

2045 2740 2194 2793 tione
2223 2739 2416 2794 dixere
2456 2738 2647 2802 multi,
2690 2738 2788 2791 lioc
2815 2746 2935 2802 est,
2970 2748 3026 2790 ut
3064 2753 3092 2791 a
3123 2737 3452 2805 quibusdam
3490 2737 3625 2791 dici-

2043 2841 2153 2895 tur,
2188 2835 2548 2886 asseveravit.
2578 2834 2755 2899 Atque
2792 2832 2903 2884 lian-
2934 2832 3173 2900 quidem,
3206 2845 3270 2885 eo
3303 2832 3483 2885 scelus
3515 2844 3625 2884 non

2044 2923 2357 2988 inliciente,
2406 2924 2637 2976 tenenda
2673 2932 2822 2976 sunt.
2869 2922 3023 2987 Quod
3061 2924 3104 2978 si
3154 2938 3253 2977 nec
3296 2923 3388 2977 ille
3415 2924 3625 2977 crimen

2042 3016 2202 3069 fateri
2233 3016 2385 3080 velit,
2421 3030 2601 3083 neque
2632 3014 2927 3068 manifesto
2957 3017 3209 3070 convinci
3247 3025 3460 3085 potest;
3497 3025 3626 3068 tunc

2062 3122 2216 3160 sacra
2275 3106 2581 3168 ministeria
2642 3107 2916 3170 obeundi,
2976 3108 3061 3160 vel
3120 3109 3188 3161 ab
3239 3108 3318 3162 eis
3371 3106 3625 3161 cessandi

354 3212 601 3271 potestas
628 3203 775 3257 illius
805 3202 1033 3256 arbitrio
1062 3200 1306 3273 permitti
1334 3200 1521 3266 debet;
1552 3208 1612 3254 ut
1672 3200 1718 3255 si
1783 3202 1999 3271 quidem
2027 3203 2362 3257 conscientia
2387 3200 2576 3266 flagitii
2601 3205 2888 3269 premitur,
2913 3218 3013 3256 sua
3040 3212 3236 3272 sponte
3278 3216 3309 3255 a
3337 3216 3622 3256 sacrorum

359 3310 648 3352 munerum
737 3295 1018 3350 functione
1085 3294 1337 3349 desistat.
1395 3294 1657 3349 lllalclicia
1737 3311 1995 3366 namque,
2062 3297 2264 3351 alicubi
2323 3297 2408 3351 lex
2468 3298 2575 3363 ita,
2634 3298 2812 3368 potius
2862 3298 3130 3367 impunita
3180 3295 3419 3357 dimitti,
3462 3308 3625 3364 quam

356 3388 746 3444 innocentibus
772 3389 1195 3456 quibuscunque
1226 3401 1441 3456 paanam
1474 3385 1727 3456 irrogari,
1754 3385 1930 3439 decet.

354 3479 613 3533 APIETJ
666 3480 791 3532 Ἐὰν
810 3477 1120 3549 ὁμολογήσῃ
1148 3476 1518 3548 πρεσϐύτερος
1542 3478 1622 3529 ὅτι
1643 3477 1934 3548 προήμαρ-

2040 3468 2272 3529 ARIST.
2312 3492 2330 3525 ι
2373 3471 2428 3527 Si
2464 3474 2756 3544 presbyter
2781 3473 3071 3529 confessus
3101 3472 3265 3527 fuerit
3291 3486 3351 3527 se
3377 3485 3624 3541 pecasse,

429 3590 448 3622 ι
494 3589 575 3636 τε,
637 3570 710 3641 μὴ
764 3570 1144 3638 προσφερέτω,
1208 3569 1299 3621 καὶ
1332 3569 1512 3635 μόνον.
1539 3570 1672 3622 Τινά
1690 3570 1799 3640 γὰρ
1829 3570 1938 3621 τῶν

434 3679 453 3714 ι
492 3662 907 3731 ἁμαρτημάτων
959 3661 1015 3712 αί
1088 3660 1420 3729 χειροτονίαν
1477 3660 1720 3725 ἀφιᾶσιν.
1768 3659 1831 3711 Εἰ
1882 3660 1937 3712 δὲ

428 3770 447 3805 ι
494 3752 624 3822 μήθ’
662 3752 977 3822 ὁμολογοίη,
1018 3750 1143 3821 μήτ’
1192 3750 1511 3820 ¹ἐλέγχοιτο,
1555 3748 1715 3813 αὐτὸς
1765 3749 1936 3819 ἐχέτω

427 3863 446 3896 ι
493 3844 592 3914 τὴν
611 3844 881 3908 ἐξουσίαν.
912 3863 930 3895 ι

425 3937 507 3990 Τὰ
541 3936 641 4007 μὲν
701 3936 834 3991 ἄλλα
879 3936 1058 3989 πάντα
1126 3935 1494 4004 ἁμαρτήμακια
1543 3935 1576 4005 ἡ
1622 3932 1934 4006 χειροθεσία

350 4028 507 4083 λύει·
539 4028 791 4099 μόνηςδὲ
832 4028 931 4097 τῆς
964 4028 1290 4097 σωματικῆς
1335 4024 1616 4097 ἁμαρτίας
1670 4027 1924 4096 ἡττᾶται.

362 4118 491 4172 Ἐὰν
519 4113 614 4171 οὖν
640 4135 747 4181 τις,
773 4116 1030 4186 πορνείαν
1061 4114 1534 4186 προημαρτηκὼς,
1569 4116 1648 4177 είς
1677 4116 1809 4184 ίερω
1833 4113 1929 4167 σύη

347 4226 449 4281 νην
487 4208 827 4280 παραδεχθῆ,
894 4210 989 4262 καὶ
1015 4208 1153 4278 μετὰ
1179 4208 1278 4277 τὴν
1345 4206 1680 4276 χειροτονίαν
1713 4206 1927 4277 ὡμολό-

347 4316 485 4372 γησε
529 4300 597 4353 τὰ
626 4300 1000 4369 ἁμαρτήματα
1032 4312 1047 4328 ·
1077 4297 1175 4368 τῆς
1210 4297 1309 4367 μὲν
1336 4296 1605 4368 καθέδρας
1634 4298 1729 4351 καὶ
1759 4297 1927 4367 τιμῆς

346 4393 458 4446 τῶν
486 4392 875 4463 πρεσϐυτέρων
939 4389 1156 4461 μεθέξει
1198 4405 1212 4419 ⁸
1283 4390 1559 4461 ἱερατικὸν
1613 4389 1672 4443 δέ
1731 4390 1925 4444 τιούκ

347 4484 655 4555 ἐνεργήσει.
681 4484 745 4536 El
769 4484 826 4535 δέ
850 4484 988 4554 μήτε
1019 4482 1182 4545 αὐτὸς
1239 4482 1555 4552 ὁμολογοίη,
1617 4484 1753 4551 μήτε
1792 4481 1925 4549 παρ’

345 4575 506 4629 ἄλλου
533 4576 815 4646 ἐλέγχοιτο
844 4576 1121 4644 φανερῶς,
1158 4574 1315 4645 παρὰ
1340 4576 1409 4646 τῇ
1472 4572 1638 4627 αὑτοῦ
1696 4572 1921 4644 ἐξουσία

345 4664 595 4720 κείσεται
617 4666 720 4733 τῆς
753 4664 1057 4734 ἱερωσύνης
1091 4664 1388 4732 παυθῆναι,
1440 4663 1557 4716 εἴτε
1592 4663 1686 4716 καὶ
1744 4663 1845 4733 μή.

970 4755 1211 4810 ΚΑΝΩΝ
1271 4756 1328 4808 ι’.

351 4867 371 4903 ι
423 4850 658 4922 ὀμοίως
712 4849 805 4903 καὶ
827 4830 1098 4910 διάκονος,
1143 4846 1239 4899 ἐὰν
1272 4850 1330 4900 ἐν
1359 4846 1437 4917 τῷ
1466 4845 1617 4916 αὐτῷ
1657 4844 1916 4915 ἁμαρτή-
1949 4832 1994 4887 D

419 4958 439 4993 ι
463 4959 593 5012 ματι
622 4940 916 5012 περιπέσῃ,
944 4939 1045 5009 τὴν
1069 4936 1166 4989 τοῦ
1198 4938 1472 5009 ὑπηρέτου
1497 4936 1650 5003 τάξιν
1684 4936 1908 5005 ἐχέτω.»

404 5034 614 5092 ΒΛΛΣ.
662 5035 753 5087 Ἐν
785 5033 862 5104 τῷ
913 5029 959 5084 θ⁴
994 5030 1181 5083 κανόνι
1239 5031 1305 5083 τὰ
1338 5031 1468 5101 περὶ
1527 5029 1917 5101 πρεσϐυτέρων

344 5128 751 5199 ἡμαρτηκότων
781 5125 1161 5195 διελέχθησαν
1204 5126 1261 5176 ἐν
1310 5124 1367 5176 δὲ
1394 5124 1470 5195 τῷ
1502 5123 1732 5191 παρόντι
1791 5121 1925 5193 περὶ

342 5221 631 5273 διακόνων.
669 5219 781 5272 Καὶ
810 5214 956 5272 οὗτοι
994 5220 1122 5288 γὰρ,
1161 5217 1672 5287 ἐξομολογούμενοι,
1706 5217 1799 5269 τοῦ
1823 5217 1923 5287 μὲν

345 5311 662 5367 διακονικοῦ
701 5311 1019 5382 ἀξιώματος
1050 5309 1437 5373 ἐκπεσοῦνται,
1465 5313 1544 5372 είς
1570 5309 1847 5377 ὑπηρέτου
1866 5309 1922 5362 δὲ

341 5405 500 5473 τάξιν
529 5405 1126 5474 καταϐιϐασθήσονται,
1172 5405 1294 5475 ἦτοι
1327 5404 1749 5475 άχειροτονήτου
1792 5403 1924 5457 ὐπο-

336 5496 592 5551 διακόνου
626 5497 659 5566 ἢ
692 5496 1067 5563 ἀναγνώστου.

416 5592 663 5646 ΖΩΝΛΡ.
715 5591 1060 5644 Ἐκπεσεῖται
1091 5592 1200 5660 γὰρ
1226 5592 1326 5661 τῆς
1360 5590 1663 5658 διακονίας,
1702 5591 1800 5644 καὶ
1829 5591 1911 5653 εἰς

342 5683 622 5753 ὑπηρέτου
648 5681 811 5734 τόπον
830 5681 1387 5754 καταδιὸασθήσεται.
1417 5684 1480 5736 Ol
1508 5681 1617 5753 γὰρ
1643 5681 1917 5756 ὑπηρέται

344 5776 403 5826 οὐ
434 5776 859 5845 προσφέρουσιν.

2121 3584 2140 3616 ι
2179 3565 2248 3619 ab
2282 3564 2563 3619 oblatione
2594 3566 2889 3629 abstineat,
2920 3575 2974 3619 et
3006 3566 3074 3618 ab
3101 3579 3164 3617 ea
3198 3572 3437 3618 tantum.
3467 3564 3627 3629 Quae-

2120 3674 2139 3706 ‹
2183 3656 2305 3709 dam
2340 3655 2486 3710 enim
2525 3666 2751 3725 peccata
2791 3657 3017 3711 ordines
3046 3657 3356 3710 remittunt.
3400 3656 3457 3709 Si
3496 3670 3624 3713 vero

2118 3765 2138 3800 ι
2178 3762 2279 3801 nec
2326 3748 2654 3802 confiteatur
2683 3764 2784 3805 nec
2825 3750 3205 3813 convincatur,
3251 3749 3367 3817 ipse
3411 3749 3495 3802 sui
3528 3763 3625 3817 po-

2115 3858 2133 3891 (
2173 3846 2425 3895 testatem
2464 3839 2683 3896 habeat.
2724 3859 2744 3893 ›

2106 3933 2302 3988 Omnia
2350 3934 2570 4003 quidem
2614 3935 2719 3988 alia
2770 3942 2996 4005 peccata
3042 3950 3305 3989 manuum
3340 3934 3620 4004 impositio

2035 4026 2197 4092 tollit,
2229 4025 2351 4080 solo
2382 4033 2564 4081 autem
2593 4028 2864 4097 corporali
2894 4035 3119 4096 peccato
3153 4028 3383 4082 inferior
3413 4034 3521 4081 est.
3560 4028 3620 4083 Si

2031 4117 2153 4187 quis
2175 4117 2357 4185 itaque
2380 4116 2540 4188 411
2567 4120 2659 4186 qui
2683 4117 3100 4173 fornicationem
3135 4128 3294 4174 antea
3316 4119 3617 4185 commisit,

2030 4212 2085 4267 in
2116 4208 2488 4267 sacerdotium
2523 4211 2804 4280 recipitur,
2837 4220 2891 4265 et
2924 4219 3046 4281 post
3069 4212 3470 4266 ordinationem
3488 4226 3619 4280 pec-

2029 4315 2152 4359 cata
2186 4316 2284 4358 sua
2302 4300 2587 4360 confeSSuS
2608 4314 2726 4369 est,
2750 4303 3025 4357 cathedrae
3062 4304 3281 4373 quidem
3305 4309 3359 4358 et
3390 4304 3618 4359 honoris

2027 4400 2477 4470 presbyterorum
2510 4395 2786 4467 particeps
2816 4396 2958 4461 erit;
2989 4403 3045 4448 at
3098 4396 3442 4451 sacerdotale
3503 4395 3610 4449 ali-

2023 4491 2166 4559 quod
2193 4506 2392 4544 munus
2426 4505 2531 4543 non
2559 4488 2739 4542 obeat.
2767 4486 2823 4541 Si
2852 4496 3032 4541 autem
3055 4502 3154 4542 nec
3187 4486 3305 4557 ipse
3322 4488 3611 4542 confessus

2025 4583 2212 4643 fuerit,
2241 4600 2339 4636 nec
2354 4582 2422 4637 ab
2440 4581 2547 4635 alio
2582 4579 2869 4634 manifeste
2901 4582 3283 4644 convincatur,
3314 4581 3367 4633 in
3393 4594 3489 4635 sua
3519 4596 3609 4633 re-

2023 4674 2296 4743 linquitur
2318 4682 2588 4745 potestate
2643 4688 2710 4725 au
2746 4687 2773 4724 a
2810 4670 3128 4726 sacerdotio
3146 4671 3387 4729 cessabit
3420 4686 3613 4729 necne.

2647 4764 2874 4820 CANON
2908 4762 2976 4819 X.

2044 4874 2063 4908 ι
2107 4855 2375 4912 Similiter
2399 4865 2455 4912 et
2484 4857 2773 4921 diaconus,
2808 4857 2853 4911 si
2902 4856 2957 4910 in
3016 4856 3157 4911 idem
3209 4865 3491 4927 peceatum
3528 4856 3615 4911 in-

2240 4969 2258 5001 ‹
2306 4948 2526 5014 ciderit,
2559 4948 2803 5003 ministri
2832 4947 3081 5004 ordinem
3118 4949 3336 5003 liabeat.
3382 4967 3401 5002 ι

2092 5037 2302 5093 νΒΑιε.
2346 5038 2403 5092 1η
2462 5053 2673 5094 canone
2705 5038 2737 5093 9
2776 5040 2845 5094 de
2888 5040 3224 5110 presbyteris
3261 5041 3353 5109 qui
3405 5054 3599 5111 pecca-

2026 5139 2154 5183 runt
2204 5139 2499 5185 tractatum
2554 5138 2638 5185 est
2671 5146 2685 5182 :
2726 5131 2777 5184 in
2816 5131 3071 5199 praesenti
3098 5139 3278 5186 autem
3318 5131 3387 5187 de
3424 5132 3613 5187 diaco-

2028 5222 2113 5275 nis
2144 5239 2157 5273 :
2190 5238 2315 5276 nam
2357 5232 2413 5277 et
2458 5223 2493 5276 ii
2543 5222 2784 5278 confessi
2832 5239 2861 5277 a
2902 5224 3120 5277 diaconi
3156 5224 3425 5294 dignitate
3460 5225 3611 5289 exci-

2025 5313 2205 5369 dent:
2261 5314 2314 5366 in
2383 5314 2622 5368 ministri
2654 5324 2835 5369 autem
2902 5316 3148 5369 ordinem
3209 5314 3608 5384 deprimantur,

2027 5406 2396 5477 bypodiaconi
2447 5406 2677 5471 scilicet,
2746 5407 2839 5477 qui
2887 5422 2996 5461 non
3046 5415 3128 5461 est
3160 5406 3476 5473 ordinatus,
3519 5405 3606 5461 vel

2023 5496 2270 5550 lectoris.

2097 5586 2352 5644 ZONAR.
2417 5587 2642 5645 Excidet
2675 5589 2822 5643 enim
2865 5603 2894 5642 a
2923 5587 3243 5654 diaconatu,
3287 5595 3342 5644 et
3382 5587 3437 5643 in
3499 5587 3605 5643 mi-

2022 5679 2183 5734 nistri
2244 5681 2425 5737 locum
2502 5681 2812 5753 dejicietur.
2893 5679 3132 5738 Ministri
3204 5695 3443 5751 namque
3491 5696 3603 5738 non

2021 5770 2278 5829 otl‘erunt.
