4076 6402
530 287 673 354 1323

1790 287 2070 349 TiIEOD.
2114 286 2525 348 BALSAMON

3651 288 3813 355 1224

488 440 495 443 -
528 401 766 457 Αιιιδτ.
807 420 825 454 ι
877 401 1150 457 Diaconus
1191 402 1355 456 etiam
1384 400 1575 456 eodem
1635 400 1867 456 crimine
1901 401 2083 456 obstri

2210 399 2435 454 ΑΡΙΣΤ.
2507 418 2526 451 ι
2569 401 2725 455 Καὶό
2754 400 3026 467 διάκονος,
3079 402 3159 474 τῷ
3214 401 3364 473 αὑτῳ
3422 404 3811 476 ἁμαρτήματι

905 515 923 547 ι
973 504 1117 557 ctus.
1152 496 1401 549 minister
1424 503 1661 549 maneat.
1709 512 1727 543 ι

594 591 659 644 Et
685 592 953 645 diaconus
988 588 1033 643 si
1070 588 1123 641 in
1175 588 1315 641 idem
1356 587 1614 640 inciderit
1673 593 1955 655 peccatum
2008 598 2103 652 pa-

526 699 647 737 nem
678 692 731 735 ct
773 680 1029 749 poculum
1058 677 1276 741 aﬁ‘erre,
1303 686 1398 730 aut
1454 677 1717 746 populum
1753 677 1969 738 docere,
2007 680 2101 726 aut

522 774 747 827 Omnino
775 770 983 838 aliquid
1027 771 1365 825 sacerdotale
1408 784 1669 838 peragere
1703 767 1963 823 cessabit.
1995 765 2100 820 Sed

521 871 730 917 tantum
772 861 1015 916 ecclesia:
1055 861 1306 913 minister
1329 861 1457 915 erit.

1124 1035 1355 1091 CANON
1402 1035 1493 1089 XI.

523 1148 543 1182 ι
595 1130 885 1201 Presbyter
932 1138 1059 1184 ante
1100 1131 1323 1199 triginta
1381 1143 1554 1183 annos
1620 1142 1727 1183 non
1786 1128 2097 1195 ordinetur,

598 1242 615 1274 ‹
662 1223 877 1277 etiamsi
917 1222 1083 1276 fuerit
1121 1224 1283 1275 homo
1315 1222 1474 1275 valde
1502 1222 1741 1288 dignus;
1775 1222 1881 1276 sed
1930 1237 2100 1277 reser-

598 1333 615 1364 ι
663 1322 843 1367 vetur.
870 1314 1132 1367 Dominus
1163 1314 1307 1366 enim
1338 1312 1500 1368 Jesus
1525 1312 1783 1367 Christus
1837 1316 1891 1367 in
1939 1315 2100 1369 trice-

593 1424 609 1456 ι
660 1405 799 1459 simo
828 1419 978 1457 anno
1024 1402 1335 1473 baptizatus
1360 1415 1444 1459 est
1477 1414 1530 1459 et
1554 1404 1719 1475 coepit
1746 1404 1964 1460 docere.
2013 1425 2032 1459 ›

587 1576 781 1631 ΒΛΙ.8.
817 1577 1067 1631 Praesens
1121 1593 1297 1633 canon
1352 1583 1476 1635 sine
1530 1581 1638 1635 ulla
1698 1583 2005 1637 mutatione
2039 1583 2093 1638 in

522 1684 735 1722 canone
791 1668 858 1721 14
903 1668 1093 1738 synodi
1147 1672 1201 1725 in
1253 1670 1444 1725 Trullo
1468 1671 1611 1728 situs
1635 1683 1737 1737 εει,
1764 1683 1816 1727 et
1860 1673 1972 1729 illic
2011 1682 2096 1731 est

516 1779 578 1814 cx
589 1762 820 1827 positus.

588 1853 838 1908 ZONAR.
898 1855 988 1909 Est
1034 1855 1123 1913 hic
1156 1870 1329 1910 canon
1396 1865 1561 1911 sexta:
1608 1858 1803 1928 synodi
1854 1858 2099 1915 decimus

513 1956 768 2014 quartus,
805 1947 989 2017 ibique
1019 1948 1142 2017 ejus
1168 1949 1468 2018 explicatio
1500 1950 1685 2006 allata.

510 2118 737 2177 AlllST.
783 2139 801 2171 ι
856 2122 970 2179 Nisi
1008 2123 1230 2193 triginta
1254 2140 1426 2180 annos
1458 2134 1619 2181 natus
1650 2143 1717 2182 ne
1752 2130 1841 2183 fiat
1873 2130 2100 2202 presby-

591 2230 609 2261 ‹
659 2222 760 2278 ter,
799 2214 1017 2269 etiamsi
1063 2215 1261 2284 dignus
1317 2216 1609 2284 habeatur,
1656 2221 1969 2291 exemplum
2001 2223 2098 2276 ha-

590 2319 607 2350 ι
656 2304 787 2357 hens
813 2303 1123 2361 Servatoris
1157 2307 1446 2376 baptisma.
1497 2327 1515 2359 ο

587 2392 659 2448 De
696 2411 761 2447 eo
785 2398 928 2465 quod
973 2412 1155 2458 nemo.
1211 2400 1305 2469 qui
1351 2415 1461 2454 non
1507 2411 1593 2456 est
1641 2402 1863 2475 triginta
1917 2419 2096 2459 annos

512 2495 697 2551 natus,
728 2488 821 2541 tiat
872 2492 1188 2560 presbyter,
1247 2492 1463 2546 etiamsi
1501 2494 1649 2547 omni
1694 2495 1855 2548 modo
1897 2495 2096 2566 dignus

511 2581 583 2631 sit
635 2580 819 2644 homo,
873 2592 929 2634 et
986 2596 1229 2650 praesens
1290 2597 1468 2638 canon
1525 2585 1682 2650 dicit,
1730 2594 1785 2639 et
1841 2584 2094 2643 decimus

510 2683 741 2739 quartus
771 2680 940 2727 sextae
972 2673 1028 2727 in
1069 2672 1257 2728 Trullo
1277 2676 1496 2745 synodi.

1105 2763 1331 2821 CANON
1376 2766 1491 2823 ΧΙΙ.

516 2893 536 2923 ι
587 2872 639 2927 Si
670 2875 796 2945 quis
829 2880 1309 2945 aegrotanst‘uerit
1367 2879 1702 2949 baptizatus,
1763 2897 1870 2936 non
1915 2890 2094 2953 potest

590 2985 608 3017 ι
656 2967 708 3019 ἱη
744 2968 1118 3038 presbyterum
1146 2969 1303 3025 evehi
1336 2984 1356 3023 :
1395 2970 1531 3024 fides
1546 2970 1694 3024 enim
1723 2971 1843 3041 ejus
1876 2986 1983 3025 non
2009 2978 2091 3026 est

586 3078 605 3110 ι
653 3075 722 3114 ex
773 3059 1043 3127 instituto,
1091 3061 1187 3117 sed
1239 3077 1304 3116 ex
1358 3063 1687 3118 necessitate
1733 3065 1883 3119 :uisi
1944 3064 2088 3119 forte

586 3170 605 3202 ι
654 3159 878 3220 propter
936 3167 1292 3222 consequens
1357 3153 1480 3223 ejus
1533 3155 1779 3209 studimn
1829 3166 1885 3211 et
1928 3157 2087 3212 ﬁdem

583 3255 602 3288 ι
651 3240 1039 3308 hominumque
1073 3238 1374 3293 raritatem.
1421 3257 1440 3289 ι

580 3330 781 3386 BALS.
815 3332 1055 3387 Inﬁdelis
1093 3331 1340 3402 quidam,
1394 3347 1519 3386 cum
1577 3344 1724 3389 esset
1765 3350 1956 3401 sanus,
1993 3338 2089 3391 ba-

511 3425 777 3495 ptismum
823 3441 932 3480 non
980 3424 1295 3496 postulabat
1329 3438 1344 3475 :
1379 3439 1504 3478 cum
1556 3437 1739 3481 autem
1775 3439 2087 3499 aegrotaret,

514 3519 826 3587 baptizatus
875 3527 980 3574 est.
1037 3518 1239 3573 Dicunt
1288 3532 1420 3587 ergo
1457 3522 1631 3575 sancti
1682 3520 1896 3586 Patres,
1946 3527 2086 3594 quod

507 3613 767 3677 quoniam
800 3613 902 3669 iste
934 3627 1047 3666 non
1076 3626 1143 3665 ex
1173 3610 1319 3663 bono
1344 3611 1597 3668 instituto
1635 3615 1951 3684 baptizatus
1980 3627 2086 3685 est,

508 3702 608 3758 sed
649 3706 810 3774 quasi
835 3720 863 3758 a
885 3703 1061 3760 morbi
1112 3704 1450 3761 necessitate
1484 3705 1832 3773 stimulatus,
1864 3717 1925 3762 ttt
1949 3710 2084 3765 [idc-

509 3793 578 3848 iis
633 3794 886 3863 quidem,
966 3803 1256 3864 postquam
1328 3797 1694 3864 convaluerit,
1746 3799 2083 3869 recipietur,

505 3885 602 3939 sed
630 3886 696 3939 ad
721 3884 1009 3941 sacerdotii
1044 3887 1272 3955 gradum
1322 3902 1431 3943 non
1470 3890 1888 3958 proniorebitnr
1918 3933 1934 3960 ,
1978 3892 2083 3947 nisi

507 3978 649 4033 forte
707 3986 763 4031 et
815 3978 1038 4032 virtutis
1085 3980 1368 4053 studiosus
1435 3991 1491 4037 et
1541 3982 1636 4037 Dei
1692 3983 2083 4038 mandatorum

505 4067 757 4136 egregius
793 4067 1119 4123 observator
1158 4068 1344 4137 fuerit,
1392 4081 1447 4127 et
1485 4072 1769 4128 hominum
1827 4086 2082 4145 aptorum

507 4156 822 4212 sacerdotio
908 4174 1105 4229 magna
1177 4161 1348 4217 fuerit
1422 4166 1688 4234 penuria;
1748 4174 1884 4222 tunc
1934 4169 2082 4222 enim

504 4249 763 4303 sacerdos
816 4249 1101 4306 etiicietur.
1153 4251 1289 4307 Nota
1347 4269 1477 4325 ergo
1512 4293 1528 4319 ,
1574 4257 1720 4328 quod
1789 4269 2084 4327 utrumque

501 4341 667 4396 debet
711 4355 1063 4409 concurrere,
1136 4346 1355 4402 virtutis
1420 4349 1635 4404 scilicet
1692 4350 1960 4414 studium,
2026 4359 2081 4406 et

2525 492 2831 562 συσχεθεὶς,
2863 494 3142 564 ὑπηρέτης
3175 493 3407 563 μενέτω.
3444 513 3463 545 ι

2283 585 2392 637 Καὶ
2415 584 2690 649 διάκονος,
2730 585 2809 655 τῷ
2839 586 2989 654 αὐτῷ
3037 584 3357 655 περιπεσὼν
3403 588 3807 658 ἁμαρτήματι,

2210 677 2560 746 παυθήσεται
2606 677 2701 730 τοῦ
2753 678 2917 747 ἄρτον
2975 678 3008 749 ἢ
3068 681 3329 748 ποτήριον
3386 680 3707 751 ἀναφέρειν,
3766 680 3805 755 ῆ

2208 770 2301 822 τὸν
2359 769 2489 822 λαὸν
2554 769 2852 834 διδάσκειν,
2911 770 2943 839 ἢ
3004 770 3141 834 ὅλως
3202 788 3255 823 τι
3318 773 3427 824 τῶν
3494 773 3805 841 ἱερατικῶν

2208 860 2567 931 λειτουργεῖν.
2626 860 2942 932 Ὑπηρέτης
2967 862 3023 914 δὲ
3074 866 3236 930 μόνον
3265 862 3418 915 ἔσται
3453 862 3553 932 τῆς
3581 863 3802 933 ἐκκλη-

2210 951 2351 1015 σίας.

2803 1047 3046 1101 ΚΑΝΩΝ
3076 1047 3179 1103 ΙΑ’.

2214 1153 2231 1182 σ
2274 1135 2655 1207 Πρεσϐύτερος
2678 1137 2785 1207 πρὸ
2816 1137 2923 1190 τῶν
2952 1139 3254 1207 τριάκοντα
3280 1139 3420 1191 ἐτῶν
3483 1138 3561 1208 μὴ
3605 1155 3801 1209 χειρο-

2286 1246 2305 1279 ι
2338 1230 2619 1295 τονείσθω,
2661 1231 2756 1283 ἐὰν
2814 1232 2907 1284 καὶ
2946 1228 3149 1309 πάνυῇ
3195 1234 3223 1285 6
3274 1232 3563 1303 ἅνθρωπος
3602 1234 3796 1297 ἀξιοςο

2285 1336 2303 1370 ι
2344 1320 2482 1374 ἀλλὰ
2507 1321 2912 1393 ἀποτηρείσθω.
2945 1324 3004 1376 '0
3027 1326 3135 1393 γὰρ
3169 1324 3374 1395 Κύριος
3418 1325 3626 1393 Ἰησοῦς
3652 1326 3801 1395 Χριο

2282 1430 2301 1463 ι
2342 1412 2465 1464 στδε
2488 1416 2545 1466 ὲν
2566 1412 2642 1483 τῷ
2660 1415 2969 1485 τριακοστῷ
2983 1417 3089 1471 ἔτει
3111 1418 3435 1488 ἐϐαπτίσθη,
3465 1420 3557 1470 καὶ
3577 1417 3796 1489 ἤρξατο

2280 1522 2299 1554 ι
2335 1505 2631 1561 διδάσκειν.
2678 1527 2695 1559 ι

2275 1595 2471 1651 ΒΑΛΣ.
2514 1600 2572 1651 Ὀ
2603 1602 2799 1671 παρὼν
2824 1604 3004 1656 κανὼν
3040 1605 3491 1674 ἀπαραλλάκτως
3514 1618 3698 1670 κεῖται
3728 1619 3794 1670 ὲν

2202 1687 2281 1758 τῷ
2328 1688 2388 1743 ιδ’
2416 1692 2598 1747 κανόνι
2629 1694 2727 1765 τῆς
2754 1697 2811 1748 εν
2840 1694 2918 1765 τῷ
2951 1696 3206 1769 Τρούλλῳ
3249 1702 3496 1771 συνόδου,
3526 1708 3622 1761 καὶ
3653 1711 3796 1783 ἑξης-

2131 1768 2174 1822 Β
2203 1780 2348 1850 γήοη
2372 1782 2574 1839 ἐκεῖσε.

2276 1874 2521 1929 ΖΩΝΔΡ.
2579 1876 2780 1932 Τοῦτον
2847 1879 2940 1935 τὸν
3003 1883 3206 1939 κανόνα
3267 1886 3298 1957 ἡ
3360 1887 3493 1959 ἕκτη
3562 1890 3795 1959 σύνοδο,

2199 1963 2343 2019 οὕτω
2394 1966 2600 2035 τίθησι,
2651 1971 2746 2023 καὶ
2794 1972 3038 2044 ὲξηγήθη
3087 1976 3205 2030 ἐκεῖ
3247 1983 3795 2051 τεσσαρεσκαιδέκαο

2195 2078 2289 2125 τος
2321 2061 2417 2115 ῶν.

2204 2152 2431 2209 ΔΡΙΣΤ.
2495 2174 2512 2205 ‹
2555 2156 2616 2209 Εἰ
2658 2156 2731 2226 μὴ
2759 2160 3210 2232 τριακονταέτης,
3252 2163 3326 2233 μὴ
3368 2166 3605 2233 γινέσθω
3641 2186 3792 2239 πρε-

2277 2265 2295 2298 (
2333 2246 2620 2317 σϐύτερος,
2655 2248 2762 2302 κᾶν
2878 2250 3179 2322 ἀξιόλογος,
3230 2254 3373 2325 ἔχων
3421 2261 3793 2332 παράδειγμα

2272 2356 2290 2390 ι
2329 2337 2424 2391 τοῦ
2458 2338 2713 2410 Σωτῆρος
2742 2340 3085 2414 βάπτισμα.»

2272 2432 2409 2501 Περὶ
2433 2430 2527 2485 τοῦ
2568 2432 2646 2501 μὴ
2682 2434 2935 2500 γίνεσθαι
2966 2434 3058 2488 τὸν
3090 2436 3293 2506 ἥττονα
3323 2438 3433 2492 τῶν
3473 2441 3790 2509 τριάκοντα

2194 2522 2400 2592 χρόνων
2454 2523 2846 2594 πρεσϐύτερον,
2907 2526 3017 2579 κᾶν
3054 2529 3197 2581 πάνυ
3244 2528 3396 2595 ἄξιος
3435 2526 3526 2605 ﬁt}
3558 2533 3789 2605 ἀνθρω-

2196 2630 2317 2679 πος,
2377 2613 2471 2667 καὶ
2501 2617 2528 2667 ὁ
2556 2615 2748 2687 παρὼν
2778 2617 3090 2688 διαγορεύει
3112 2620 3293 2675 κανὼν
3317 2623 3412 2676 καὶ
3437 2626 3465 2677 6
3498 2642 3788 2698 τεσσαρα-

2196 2704 2514 2770 καιδέκατος
2563 2706 2667 2776 τῆς
2698 2708 2757 2762 ὲν
2788 2709 2866 2777 τῷ
2898 2710 3154 2781 Τρούλλῳ
3187 2711 3351 2786 εκτης
3379 2717 3630 2772 συνόδου.

2792 2798 3032 2854 ΚΑΝΩΝ
3066 2800 3166 2856 IB'.

2200 2903 2219 2937 ι
2278 2885 2405 2939 Ἐὰν
2427 2888 2599 2942 νοσῶν
2619 2906 2706 2952 τις
2730 2892 2998 2963 φωτισθῇ,
3032 2896 3116 2957 εἰς
3156 2897 3787 2970 πρεσϐύτερονᾶγεσθαι

2271 2996 2289 3029 ‹
2328 2978 2388 3030 οὗ
2423 2978 2664 3035 δύναται.
2699 2984 2812 3036 Οὐκ
2867 2986 2930 3038 ἐκ
2977 2989 3354 3058 προαιρέσεως
3386 2990 3496 3061 γὰρ
3536 2994 3787 3062 ήπίστις

2274 3088 2291 3121 ι
2333 3071 2500 3124 αὑτοῦ
2531 3072 2647 3126 ἀλλ’
2667 3074 2726 3140 ἐξ
2747 3076 2995 3147 ἀνάγκης
3016 3094 3030 3107 °
3057 3081 3105 3131 εί
3138 3079 3212 3150 μὴ
3236 3081 3378 3152 τάχα
3406 3082 3493 3136 διὰ
3512 3084 3613 3151 τὴν
3631 3088 3786 3153 μετά

2270 3181 2289 3212 ι
2325 3166 2499 3218 ταῦτα
2531 3166 2698 3219 αὑτοῦ
2730 3167 2967 3240 σπουδὴν
2999 3172 3095 3222 καὶ
3124 3172 3329 3239 πίστιν,
3352 3175 3445 3227 καὶ
3464 3176 3554 3229 διὰ
3569 3179 3789 3234 σπάνιν

2270 3274 2288 3307 ι
2328 3256 2424 3309 ἀνθ
2435 3257 2651 3327 ρώπων.
2698 3279 2717 3312 ι

2266 3348 2464 3401 ΒΑΛΣ.
2492 3353 2757 3416 Ἀπιστός
2782 3371 2884 3419 τις,
2902 3355 3162 3422 ὑγιαίνων
3189 3359 3310 3428 μὲν,
3336 3360 3437 3414 οὐκ
3463 3362 3787 3419 ἑπέσπευδε

2190 3437 2252 3490 τὸ
2283 3437 2595 3510 βάπτισμα,
2651 3447 2889 3520 νοσήσας
2924 3447 2981 3501 δὲ
3035 3448 3335 3520 ἐφωτίσθη.
3376 3454 3543 3507 Φασὶν
3572 3449 3670 3508 οὖν
3726 3459 3784 3511 οἱ

2191 3524 2338 3617 ἅγιοι
2364 3529 2611 3602 Πατέρες
2668 3518 2764 3600 ὡς,
2807 3537 2929 3590 ἐπεὶ
2965 3518 3085 3593 οὐκ
3117 3518 3327 3614 ἀγαθῆς
3383 3549 3784 3617 προαιρέσεως

2189 3613 2347 3682 οὗτος
2379 3622 2704 3696 ἐϐαπτίσθη,
2738 3627 2854 3681 ἀλλ’
2905 3624 3020 3683 οἷον
3061 3633 3166 3686 ὑπὸ
3197 3613 3297 3704 τῆς
3355 3613 3612 3708 ἀνάγκης
3669 3640 3783 3709 τῆς

2187 3711 2345 3765 νόσου
2385 3716 2727 3787 νυττόμενος,
2758 3720 2841 3785 ὼς
2899 3722 3000 3790 μὲν
3031 3726 3227 3791 πιστὸς
3261 3728 3402 3799 μετὰ
3439 3731 3540 3800 τὴν
3571 3734 3781 3802 ὑγείαν

2187 3804 2533 3875 δεχθήσεται·
2563 3809 2643 3872 είς
2673 3811 2974 3885 ἱερωσύνης
3004 3817 3060 3869 δὲ
3112 3817 3321 3888 βαθμὸν
3364 3822 3424 3874 ού
3460 3826 3782 3892 προαναϐι-

2189 3895 2547 3968 ϐασθήσεται·
2572 3902 2621 3954 εί
2650 3903 2816 3973 μήπω
2834 3907 3123 3971 σπουδαῖός
3142 3910 3261 3965 ἐστι
3284 3912 3416 3984 περὶ
3444 3912 3541 3985 τὴν
3557 3915 3779 3988 ἀρετὴν

2189 3989 2285 4043 καὶ
2322 3991 2423 4060 τὴν
2452 3994 2702 4066 φυλακὴν
2736 3996 2845 4051 τῶν
2867 3999 3101 4052 ἐντολῶν
3131 4001 3226 4055 τοῦ
3247 4004 3407 4073 Θεοῦ,
3446 4006 3543 4060 καὶ
3563 4008 3777 4074 σπάνις

2189 4081 2277 4151 εἴη
2338 4084 2645 4155 ἀνθρώπων
2705 4090 2842 4157 πρὸς
2887 4090 3188 4165 ἱερωσύνην
3246 4096 3588 4169 ἐπιτηδείων*
3638 4102 3773 4157 τότε

2187 4175 2298 4245 γὰρ
2335 4178 2719 4249 ἱερωθήσεται.
2759 4182 3078 4252 Σημείωσαι
3112 4186 3206 4243 οὖν
3229 4190 3313 4243 ὄτι
3344 4190 3442 4245 καὶ
3469 4193 3775 4266 ἀμφότερα

2188 4263 2469 4333 ὀφείλουσι
2501 4268 2851 4355 συνδραμεῖν,
2897 4275 2928 4343 ὴ
2958 4291 3025 4327 πε
3038 4277 3095 4346 pi.
3133 4280 3243 4347 τὴν
3286 4280 3492 4352 ἀρετὴν
3518 4263 3766 4355 σπουδὴ.

2188 4357 2283 4410 καὶ
2324 4358 2356 4428 ἡ
2398 4361 2595 4424 σπάνις
2626 4342 2735 4414 τῶν
2772 4342 3101 4434 ἀνθρώπων.
3150 4342 3302 4435 Ἒνδς
3325 4342 3775 4444 ’γὰρ’λείποντός

504 4431 702 4485 raritas
762 4433 1069 4489 hominum.
1123 4435 1180 4490 Si
1230 4438 1375 4491 enim
1440 4454 1609 4495 unum
1673 4455 1863 4495 eorum
1917 4441 2079 4509 desit,

2189 4447 2247 4512 ἐξ
2276 4450 2477 4513 αὐτῶν,
2507 4452 2565 4503 οὺ
2592 4431 3049 4527 παραϐαθησεται
3081 4462 3108 4514 6
3127 4431 3485 4521 κανών.”’έτι
3518 4431 3776 4539 σημειωῗ.

503 4538 681 4576 canon
717 4524 1125 4581 observabitur.
1167 4527 1443 4584 Praeterea
1508 4541 1635 4585 nota
1688 4548 1751 4588 ex
1796 4533 1899 4590 hoc
1932 4551 2077 4605 prte-

502 4612 638 4666 scnti
666 4627 895 4680 canone,
933 4617 1100 4686 quod,
1132 4619 1276 4673 sicut
1306 4621 1361 4673 in
1394 4621 1745 4690 baptismate,
1784 4625 1858 4679 ita
1904 4627 2068 4681 etiam

506 4704 562 4756 in
613 4712 867 4771 tonsura,
904 4709 995 4776 qui
1020 4707 1074 4760 in
1106 4718 1357 4765 extremo
1407 4714 1604 4782 spiritu
1640 4722 1836 4771 tonsus
1874 4726 1979 4779 est,
2022 4718 2076 4771 in

504 4796 690 4865 aliquo
713 4798 931 4867 quidem
963 4809 1022 4853 ut
1054 4800 1355 4857 monachus
1388 4806 1727 4871 reputabitur
1767 4824 1780 4861 :
1816 4808 1871 4862 in
1894 4808 2078 4879 aliquo

503 4898 688 4944 autem
751 4902 1008 4961 tanquam
1077 4896 1381 4950 monachus
1406 4902 1548 4961 "non
1617 4901 1971 4968 admittetur;
2012 4916 2078 4956 eo

502 4983 647 5051 quod
682 4990 908 5039 tonsura
940 4986 1218 5042 secundus
1252 4987 1569 5059 baptismus
1609 4994 1978 5048 existimatur.
2017 4994 2076 5048 Si

502 5073 647 5128 enim
673 5077 1035 5145 supervixerit
1057 5078 1125 5139 is,
1150 5079 1243 5147 qui
1264 5080 1313 5132 iu
1341 5082 1489 5135 hunc
1511 5097 1724 5136 morem
1755 5092 1950 5138 tonsus
1968 5093 2074 5150 est,

503 5173 559 5218 et
593 5175 818 5220 toasura
860 5167 1081 5237 dignam
1119 5171 1497 5239 paenitentiam
1525 5172 1689 5243 412
1730 5176 2077 5231 servitutem-

502 5270 609 5324 que
674 5256 1005 5324 ostenderit,
1048 5274 1146 5329 pro
1202 5277 1309 5316 non
1380 5274 1580 5332 sponte
1639 5274 1801 5321 tonso
1852 5269 2077 5325 minime

502 5348 865 5416 reputabitur.
896 5348 953 5403 Si
977 5361 1159 5406 autem
1190 5370 1313 5409 cum
1358 5356 1595 5423 primum
1650 5365 1846 5414 tonsus
1886 5361 2074 5429 tuerit,

501 5454 794 5494 commune
826 5444 1019 5497 mortis
1067 5447 1321 5514 poculum
1388 5446 1657 5514 hauserit,
1702 5454 1844 5521 apud
1903 5456 2073 5509 Deum

501 5531 719 5599 quidem
738 5542 909 5595 certe,
928 5544 984 5588 ut
1004 5551 1104 5604 ego
1126 5538 1406 5598 existimo,
1433 5549 1489 5591 ut
1513 5541 1606 5609 qui
1627 5542 1681 5595 in
1705 5547 1939 5601 sanitate
1961 5564 2077 5602 mo-

498 5621 710 5677 nachus
729 5624 906 5677 factus
928 5636 1012 5679 est
1033 5626 1343 5697 recipietur.
1364 5628 1549 5684 Sancti
1574 5634 1717 5687 enim
1734 5638 1922 5704 etiam,
1951 5656 2073 5709 qua'

500 5723 633 5765 casu
663 5712 746 5767 vel
776 5729 841 5769 ex
874 5715 1058 5785 aliqua
1099 5719 1514 5775 circumstantia
1549 5722 1777 5799 dantur,
1812 5736 2071 5786 tonsuras

2186 4554 2276 4591 σαι
2310 4538 2419 4591 ἀπὸ
2453 4540 2545 4594 τοῦ
2597 4545 2862 4615 παρόντος
2916 4551 3163 4618 κανόνος,
3204 4555 3286 4609 ὅτι
3318 4557 3510 4629 ὥσπερ
3541 4561 3635 4613 ἐπὶ
3667 4564 3772 4618 τοῦ

2184 4629 2589 4699 βαπτίσματος,
2618 4636 2760 4690 οὕτω
2790 4639 2888 4691 καὶ
2931 4642 3025 4695 ἐπὶ
3072 4647 3173 4714 τῆς
3219 4648 3604 4721 ἀποκάρσεως,
3638 4658 3668 4709 6
3702 4658 3771 4711 ἐν

2181 4721 2303 4783 ταῖς
2348 4721 2691 4789 τελευταίοιις
2740 4729 3038 4797 ἀναπνοαῖς
3071 4736 3394 4806 ἀποκαρεὶς,
3438 4742 3522 4806 εἷς
3568 4762 3621 4799 τι
3656 4748 3771 4817 μὲν

2180 4809 2257 4875 ὡς
2290 4815 2521 4885 μοναχὸς
2552 4815 2957 4891 λογισθήσεται,
2986 4826 3067 4889 εἰς
3113 4843 3169 4880 τι
3201 4829 3259 4882 δὲ
3300 4832 3359 4884 οὐ
3390 4809 3769 4912 παραδεχθή-

2185 4919 2341 4957 σεται
2374 4907 2517 4961 κατά
2553 4911 2921 4977 μονάσαντας·
2950 4917 3030 4969 ὅτι
3063 4919 3155 4970 καὶ
3187 4921 3217 4991 η
3272 4922 3582 4996 ἀπόκαρσις
3637 4907 3770 4985 δεύ-

2181 5009 2339 5089 τερον
2364 4993 2638 5062 λογίζεται
2667 4998 2971 5072 βάπτισμα.
3001 5006 3065 5059 Et
3122 5009 3224 5078 μὲν
3255 5011 3364 5080 γὰρ
3411 4993 3672 5089 ἐπιζήσει
3731 5026 3767 5077 6

2181 5082 2358 5147 οὕτως
2394 5086 2722 5157 ἀποκαρεὶς,
2766 5093 2861 5146 καὶ
2904 5095 3065 5161 ἀξίαν
3095 5098 3421 5165 ἐπιδείξεται
3459 5109 3763 5176 μετάνοιαν

2183 5178 2278 5229 καὶ
2314 5178 2563 5232 δουλείαν
2594 5182 2694 5251 τῆς
2724 5184 3110 5255 ἀποκάρσεως,
3159 5192 3221 5244 οὐ
3262 5192 3652 5267 λογισθήσεται
3681 5203 3766 5267 ὡς

2182 5268 2458 5334 ἀκουσίως
2523 5272 2845 5345 ἀποκαρείς.
2879 5278 2941 5329 Εἰ
2998 5279 3042 5331 δ’
3074 5280 3193 5352 ἅμα
3227 5288 3292 5357 τῇ
3349 5287 3659 5360 ἁποκάρσει
3699 5299 3763 5348 τὸ

2180 5362 2366 5416 κοινὸν
2420 5363 2517 5416 τοῦ
2576 5364 2806 5421 θανάτου
2859 5370 2958 5446 πίῃ
3006 5376 3286 5445 ποτήριον,
3334 5381 3484 5450 παρά
3522 5382 3625 5453 μὲν
3678 5388 3761 5457 τῷ

2178 5455 2322 5525 Θεῷ,
2351 5457 2425 5519 ὡς
2455 5455 2568 5525 ἐγὼ
2603 5459 2745 5522 τέως
2778 5464 3005 5531 νομίζω,
3032 5465 3107 5528 ὡς
3141 5468 3170 5521 6
3207 5469 3265 5525 ἐν
3291 5470 3471 5544 ὑγιεία
3504 5455 3755 5545 μονάσας

2175 5546 2523 5618 δεχθήσεται.
2600 5548 2969 5617 Ἀσπάζονται
3019 5558 3128 5627 γὰρ
3187 5562 3237 5613 οἱ
3286 5562 3432 5633 ἅγιοι
3501 5571 3595 5622 καὶ
3658 5574 3758 5636 τὰς

2178 5642 2577 5709 περιστατικὰς
2605 5645 2966 5718 ἀποκάρσεις’
3001 5651 3096 5703 καὶ
3129 5653 3205 5717 ὡς
3234 5655 3299 5708 ὲκ
3349 5657 3498 5722 θείας
3541 5665 3757 5733 φωνῆς,

2178 5731 2370 5798 quam
2412 5734 2499 5786 Ἑν
2528 5728 2578 5803 ᾧ
2613 5753 2670 5789 σε
2722 5737 2891 5809 εὕρω,
2918 5742 3091 5811 κρινώ
3121 5761 3182 5799 σε
3198 5761 3221 5827 ν·
3249 5748 3402 5821 παρὰ
3444 5751 3501 5807 δὲ
3533 5728 3761 5825 direpti“-
