4076 6400
319 334 453 398 ί229

1280 335 1573 398 ΙΝΟΑΝ.
1617 335 1749 395 Χιν
1776 334 1983 396 CONC.
2026 333 2469 397 NEOC/ESAR.

3427 339 3566 402 1930

315 453 715 523 προσκομίζειν
752 454 845 508 ἐπὶ
881 453 1220 525 λειτουργίᾳ,
1244 450 1369 505 οὔτε
1407 453 1572 521 ἄρτον
1630 451 1661 521 ἢ
1717 455 1875 520 ποτή-

1987 450 2217 517 oﬂ‘erre,
2283 468 2347 507 eo
2411 454 2514 506 fine
2575 452 2847 519 videlicet,
2906 462 2963 506 ut
3019 455 3194 508 sacris
3250 464 3571 523 operentur,

313 560 427 612 ριον
463 544 661 596 διδόναι
714 547 771 598 ἐν
834 550 988 615 εὐχῇ,
1042 546 1321 598 τουτέστιν
1366 544 1489 597 οὐδὲ
1541 544 1651 595 τῶν
1710 544 1884 611 ἁγίων

309 635 500 703 δώρων
530 637 947 700 ἕξεστιν,αὑτοῐς
993 637 1332 705 μεταδιδόναι
1368 634 1447 706 τῷ
1496 634 1610 705 λαῴ
1637 636 1693 687 ἐν
1724 636 1881 705 εὐχῇ,

311 726 429 796 ἦτοι
465 728 523 778 ἐν
560 728 872 799 ἱερουργίας
902 729 1099 801 καιρῷ.
1168 731 1230 783 Οἱ
1289 730 1399 798 γὰρ
1448 729 1781 799 προσφέρειν
1822 728 1881 781 οὐ

309 817 603 886 δυνάμενοι
633 820 752 872 οὐδὲ
778 822 846 873 τὰ
868 821 1094 875 ἄλλαητὰ
1138 824 1249 883 τοῖς
1284 822 1691 892 προσφέρουσιν
1748 821 1884 890 ἀνήο

310 924 475 961 κοντα
521 909 843 977 πράξουσιν.
892 913 1015 964 Ἐὰν
1072 914 1143 977 δὲ,
1188 914 1402 964 ἀπῷσιν
1448 914 1475 964 ό
1519 913 1616 981 τῆς
1669 912 1882 973 πόλεως

310 1001 609 1063 ἐπίσκοπος
642 1004 735 1053 καὶ
776 1005 825 1055 οἱ
851 1007 907 1055 ἐν
939 1006 1077 1074 αὐτῇ
1127 1006 1313 1075 ἱερεῖς,
1347 1006 1443 1058 καὶ
1472 1004 1646 1074 κληοῇ
1679 1002 1881 1074 χωρίου

310 1091 341 1159 ἢ
379 1092 573 1162 κώμης
610 1095 789 1165 ἱερεὺς
819 1098 898 1158 είς
931 1096 1120 1166 εὐχὴν,
1142 1097 1264 1148 τότε
1299 1099 1392 1148 καὶ
1420 1094 1527 1148 τῶν
1593 1093 1881 1163 ἀγιασμά-

308 1201 415 1235 των
464 1186 845 1253 μεταδίδωσιν.

1990 544 2267 613 quidpiam
2322 545 2552 611 afferre,
2604 560 2779 615 neque
2829 562 3022 616 panem
3090 558 3184 601 aut
3224 548 3459 601 calicem
3514 548 3570 600 in

1989 638 2303 703 precatione
2357 637 2590 702 tradere,
2630 637 2736 693 hoc
2762 649 2866 704 est,
2902 641 3099 709 papula
3128 650 3313 694 sant-la
3344 655 3571 697 munera

1990 726 2044 777 in
2103 726 2452 793 precatione,
2545 728 2750 782 interea
2806 730 3018 783 scilicet
3064 728 3191 781 dum
3247 743 3400 783 sacra
3447 745 3572 804 pcr-

1990 826 2249 883 agnntur,
2281 815 2552 884 impertiri
2583 831 2904 871 concessum
2938 827 3043 873 est.
3098 817 3310 883 Quibus
3337 834 3574 887 namque
3662 812 3667 823 ’

1992 907 2176 974 aliquo
2226 909 2277 960 in
2333 909 2451 961 loco
2500 908 2759 963 oiferendi
2812 910 3043 973 facultas
3074 926 3180 963 non
3216 919 3319 974 est,
3374 918 3569 963 ca-tera

1993 1014 2214 1067 quoque
2238 999 2582 1054 offerentium
2628 1002 2847 1071 propria
2888 1018 3115 1056 munera
3152 1002 3256 1055 illis
3289 1001 3483 1055 eodem
3518 1004 3571 1053 in

1992 1090 2110 1145 loco
2142 1092 2294 1145 obire
2323 1108 2666 1161 nequaquam
2696 1095 2899 1149 licebit.
2949 1094 3284 1150 Ahsentibns
3310 1108 3436 1148 vero
3458 1104 3571 1157 tum

1991 1186 2204 1239 urbano
2235 1187 2496 1256 epiSCOpo
2534 1194 2652 1239 tmn
2689 1187 2938 1256 ejusdem
2973 1189 3127 1242 urbis
3163 1187 3571 1249 sacerdotibus,

308 1280 356 1333 si
408 1295 473 1333 ex
535 1280 655 1333 vico
702 1294 796 1333 aut
837 1280 1036 1351 oppido
1081 1282 1146 1337 ad
1198 1283 1565 1349 precationem
1603 1279 1887 1349 presbyter
1926 1279 2262 1349 advocetur;
2293 1283 2341 1334 ei
2381 1288 2512 1334 tunc
2547 1283 2809 1351 temporis
2837 1286 2992 1336 s‘acra
3058 1299 3277 1352 quoque
3340 1298 3573 1367 munera

310 1372 576 1443 impertiri
613 1373 775 1427 licere
801 1373 1082 1429 decretum
1112 1384 1217 1428 est.

907 1514 1145 1565 ΚΛΝΩΝ
1198 1516 1291 1567 ΙΔ’.

312 1643 330 1675 ι
367 1624 432 1676 Οἱ
469 1625 524 1675 δὲ
556 1626 965 1695 χωρεπίςκοποι
992 1626 1101 1677 εἰσὶ
1137 1627 1234 1692 μὲν
1260 1627 1338 1687 είς
1389 1626 1558 1677 τύπον
1591 1624 1698 1676 τῶν
1729 1625 1872 1677 ἐϐδο-

386 1736 403 1768 ι
449 1717 725 1787 μήκοντα·
756 1716 831 1777 ὡς
873 1716 929 1767 δὲ
962 1717 1389 1785 συλλειτουργοὶ,
1445 1717 1534 1769 διὰ
1576 1718 1673 1785 τὴν
1719 1734 1883 1768 σπου-

387 1831 403 1862 ι
441 1811 534 1880 δην
565 1810 664 1879 τὴν
696 1809 775 1871 εἰς
802 1810 929 1870 τοὺς
983 1811 1257 1878 πτωχοὺς,
1288 1809 1665 1879 προσφέρουσι
1702 1808 1871 1878 τιμώ-

382 1926 397 1954 1
442 1921 613 1974 μενοι.
669 1922 687 1954 ι

374 2019 570 2071 ΒΑΛΣ.
623 2019 715 2081 Είς
768 2018 936 2069 τύπον
1009 2018 1117 2068 τῶν
1187 2016 1448 2085 μαθητῶν
1492 2014 1585 2067 τοῦ
1646 2014 1876 2077 Κυρίου,

300 2110 411 2163 τῶν
441 2110 648 2162 δώδεκα
684 2111 885 2179 δηλαδὴ
933 2109 1268 2171 ἀποστόλων,
1312 2107 1421 2159 τῶν
1465 2108 1561 2160 καὶ
1600 2105 1877 2158 λαϐόντων

298 2199 400 2268 τὴν
430 2200 593 2268 χάριν
641 2198 734 2251 τοῦ
768 2201 925 2267 ἁγίου
963 2199 1301 2266 Πειεύματος,
1330 2196 1473 2249 ὥστε
1507 2198 1733 2263 δεσμεῖν
1780 2195 1876 2247 καὶ

297 2289 471 2350 λύειν,
505 2289 926 2359 προεϐλήθησαν
956 2290 1006 2341 οἱ
1039 2290 1280 2357 ἑκάστης
1309 2288 1493 2359 χώρας
1556 2287 1875 2339 ἐπίσκοποι.

312 2382 469 2445 Ἐπεὶ
503 2383 558 2435 δὲ
592 2385 732 2435 κατὰ
773 2384 863 2434 τὸν
891 2384 1086 2452 καιρὸν
1122 2382 1214 2433 τοῦ
1277 2378 1662 2450 σωτηριὼδους
1706 2376 1878 2446 κηρύ-

297 2492 507 2544 γματος
552 2478 625 2545 μὴ
655 2473 1028 2544 ἐξαρκούντων
1063 2476 1169 2525 τῶν
1199 2472 1405 2526 δώδεκα
1452 2470 1768 2523 ἀποστόλων
1799 2471 1878 2532 εἴς

299 2586 361 2620 τε
380 2570 480 2637 τὴν
510 2567 862 2619 διδασκαλίαν
920 2567 1014 2619 τοῦ
1062 2564 1424 2632 Εὑαγγελίου,
1494 2563 1587 2615 καὶ
1650 2564 1729 2623 εἰς
1779 2562 1877 2623 τὰς

298 2660 496 2722 λοιπὰς
526 2659 807 2723 διακονίας
836 2678 944 2712 των
983 2650 1438 2729 προσερχομένων
1460 2656 1536 2723 τῷ
1561 2654 1700 2724 Θεῷ,
1734 2670 1877 2722 παρ-

299 2755 613 2824 ελήφθησαν
661 2754 753 2806 καὶ
789 2753 839 2805 οἱ
905 2752 1281 2821 ἑϐδομήκοντα
1312 2749 1503 2819 ἄνδρες
1536 2748 1728 2807 οἵτινες
1758 2747 1877 2798 δια-

299 2849 529 2915 κονηταὶ
579 2846 677 2913 μὲν
739 2836 988 2911 ἐλέγοντο
1040 2843 1133 2896 καὶ
1187 2842 1427 2911 μαθηταὶ
1458 2830 1574 2891 ’τοῦ
1631 2838 1873 2908 Κυρίου,

297 2940 547 3003 ἐξουσίαν
571 2941 626 2991 δὲ
665 2941 764 2990 οὐκ
817 2934 962 3006 εἶχον
1012 2934 1230 2996 ἀφιέναι
1276 2932 1574 3001 ἁμαρτίας,
1608 2930 1683 2991 ὡς
1741 2927 1876 2997 μηδὲ

294 3034 553 3093 λαϐόντες
575 3036 671 3101 τὴν
700 3031 859 3099 χάριν
888 3028 981 3080 τοῦ
1027 3026 1342 3094 Πνεύματος
1372 3040 1385 3053 ·
1422 3022 1569 3085 ἔδοξε
1593 3023 1706 3082 τοῖς
1763 3021 1876 3071 [Ια-

296 3127 465 3196 τράσι
490 3129 569 3187 εἰς
606 3122 776 3175 τύπον
807 3122 915 3173 τῶν
946 3118 1209 3171 τοιούτων
1256 3116 1635 3183 ἑϐδομήκοντα
1691 3113 1870 3183 μαθη-

296 3218 408 3269 τῶν
439 3215 894 3287 χωρεπισκόπους
918 3212 1072 3281 παρὰ
1098 3210 1208 3261 τῶν
1259 3208 1581 3261 ἐπισκόπων
1635 3205 1872 3275 προϐἀλ-
1900 3226 1943 3283 c

298 3309 490 3362 ὶ.εσοαι
522 3309 605 3378 ἐφ’
651 3303 694 3376 ᾧ
725 3307 817 3361 διὰ
846 3306 1050 3359 τούτων
1078 3302 1325 3371 γίνεσθαι
1356 3302 1454 3369 τὴν
1471 3302 1551 3362 εἰς
1576 3301 1703 3362 τοὺς
1736 3318 1877 3351 πτω-

295 3402 426 3469 χοὺς
459 3401 721 3465 διανομὴν
765 3398 858 3450 καὶ
889 3397 1136 3466 δαπάνην
1188 3395 1299 3447 τῶν
1331 3394 1628 3467 Κυριακῶν
1656 3395 1875 3465 χρημά-

295 3512 407 3547 των
437 3495 531 3545 καὶ
573 3491 868 3561 πτωχικῶν
902 3491 1238 3560 λεγομένων.
1276 3490 1367 3560 Τῷ
1389 3507 1472 3541 τοι
1499 3489 1623 3541 οὐδὲ
1652 3488 1874 3543 δύναται

298 3584 708 3653 πρεσϐυτέρους
760 3583 791 3651 ἢ
848 3581 1130 3643 διακόνους
1184 3583 1548 3650 χειροτονεῖν
1590 3580 1706 3633 ἀλλ’
1754 3579 1875 3632 οὐδὲ

294 3675 518 3742 ἀφιέναι
550 3672 847 3741 ἁμαρτίας,
888 3669 1077 3738 ὥσπερ
1109 3669 1229 3721 οὐδὲ
1267 3671 1315 3721 οἱ
1355 3670 1732 3738 ἐϐδομήκοντα
1766 3686 1871 3736 μα-

296 3765 479 3834 Οηταί.
518 3764 642 3817 Ὀτι
677 3762 732 3812 δὲ
773 3759 951 3830 χρεὼν
978 3755 1045 3829 ἧν
1077 3759 1302 3819 τούτους
1344 3760 1608 3827 τιμᾶσθαι
1636 3758 1722 3812 διὰ
1748 3762 1872 3822 τοὺς

297 3857 500 3918 κόπους
532 3852 733 3913 αὐτῶν,
787 3851 994 3920 ὥρισαν
1065 3851 1113 3901 οἱ
1149 3849 1388 3917 Πατέρες
1451 3851 1616 3920 μηδὲν
1681 3851 1872 3921 ἓτερον

296 3951 519 4008 τούτους
562 3947 761 4004 ποιεῖν,
794 3942 910 3995 ἀλλ’
969 3942 999 4011 ἢ
1057 3941 1131 4004 ὡς
1197 3940 1648 4010 συλλειτουργοῦς
1711 3942 1872 4010 μόνον

296 4040 626 4109 ἱερουργεῖν.
673 4037 761 4087 Ἑν
796 4035 849 4085 δὲ
875 4032 951 4102 τῷ
988 4033 1200 4102 δεκάτῳ
1241 4033 1430 4084 κανόνι
1482 4034 1581 4102 τῆς
1620 4035 1678 4084 ἐν
1747 4034 1866 4085 Ἀν-

297 4130 507 4198 τιοχείᾳ
552 4126 770 4179 συνόδου
811 4124 1217 4187 κεκανόνισται,
1250 4121 1377 4183 τοὺς
1418 4123 1872 4192 χωρεπισκόπους

301 4224 475 4274 ποιεῖν
500 4216 853 4285 ἀναγνώστας
870 4216 963 4268 καὶ
999 4213 1384 4275 ὑποδιακόνους
1408 4216 1500 4265 καὶ
1528 4212 1868 4285 ἑξορκιστόις.

299 4314 615 4383 Σημείωσαι
653 4306 746 4361 οὖν
783 4312 877 4360 καὶ
911 4306 1018 4358 ἀπὸ
1066 4304 1160 4357 τοῦ
1210 4305 1477 4373 παρόντος
1508 4307 1753 4369 κανόνος,
1789 4307 1872 4358 ὅτι

298 4408 394 4460 καὶ
424 4407 473 4459 οἱ
504 4407 670 4475 ἱερεῖς
703 4404 763 4454 οὺ
795 4402 1050 4453 δύνανται
1102 4397 1359 4468 δέχεσθαι
1418 4398 1717 4467 λογισμοὺς
1776 4400 1871 4451 καὶ

300 4498 520 4567 ἀφιέναι
553 4492 852 4563 ἁμαρτίας,
888 4491 936 4542 εί
983 4491 1058 4559 μὴ
1114 4487 1477 4558 ἐκχωρηοῶσι
1512 4488 1685 4540 ταῦτα
1720 4489 1871 4558 παρὰ

1908 1890 1955 1949 Β

2527 1508 2842 1564 CANON
2898 1509 3037 1563 XIV.

1996 1641 2014 1671 ι
2044 1623 2434 1695 Chorepiscopi
2456 1636 2633 1681 autem
2656 1636 2782 1680 sunt
2800 1627 3016 1693 quidem
3040 1623 3339 1676 imitatione
3356 1630 3573 1690 septua-

2071 1737 2087 1766 ι
2128 1718 2297 1785 ginta.
2361 1717 2622 1773 Utaulem
2674 1717 3058 1776 comministri.
3090 1716 3571 1784 prapterstudium

2067 1830 2085 1859 ι
2129 1809 2182 1863 in
2222 1826 2511 1879 pauperes.
2548 1810 2783 1865 offerunt
2816 1810 3132 1863 honorati.»

2055 2011 2250 2066 BALS.
2308 2014 2364 2066 In
2395 2015 2569 2069 locum
2594 2015 2989 2085 discipulorum
3018 2013 3567 2078 Dornini,'duodecim

1982 2104 2194 2158 scilicet
2243 2108 2661 2174 apostolorum,
2712 2109 2805 2177 qui
2864 2108 3027 2162 etiam
3089 2106 3332 2174 Spiritus
3390 2107 3566 2162 sancti

1981 2194 2209 2261 gratiam
2248 2206 2603 2263 acceperunt,
2657 2205 2714 2251 ut
2745 2198 2978 2268 ligarcnt
3009 2208 3063 2253 et
3097 2201 3393 2260 solverent,
3446 2214 3570 2268 pro-

1984 2285 2115 2371 morti
2150 2298 2277 2339 sunt
2310 2287 2749 2358 uniuscujusque
2801 2292 3041 2359 regionis
3074 2292 3337 2361 episeopi.
3430 2291 3568 2358 Quia

1982 2385 2164 2429 autem
2214 2379 2472 2433 salutaris
2518 2382 2923 2449 praedicationis
2975 2390 3220 2451 tempore
3260 2400 3365 2437 non
3414 2386 3568 2439 suffi-

1981 2469 2197 2523 ciebant
2254 2470 2323 2523 12
2395 2474 2627 2540 apostoli
2675 2475 2742 2527 ad
2794 2474 3099 2528 doctrinam
3163 2476 3461 2547 Evangelii,
3512 2486 3567 2531 et

1985 2559 2191 2627 reliqua
2212 2561 2514 2617 ministeria
2544 2579 2756 2627 eorum,
2795 2566 2883 2635 qui
2910 2567 2977 2619 ad
3005 2565 3173 2621 Deum
3194 2569 3527 2624 accedebant
3547 2610 3563 2629 .

1980 2654 2245 2721 assumpti
2291 2666 2421 2708 sunt
2452 2657 2615 2711 etiam
2650 2660 2992 2728 septuaginta
3025 2661 3149 2725 viri,
3185 2663 3276 2728 qui
3310 2662 3568 2716 diceban-

1982 2756 2072 2800 tur
2118 2748 2338 2815 quidem
2373 2749 2609 2804 ministri
2643 2761 2697 2805 et
2727 2750 2981 2821 discipuli
3032 2752 3274 2817 Domini,
3322 2770 3429 2809 non
3466 2755 3568 2807 ha-

1982 2836 2181 2891 bebant
2236 2848 2419 2893 autem
2470 2839 2786 2915 facultatem
2840 2844 3149 2899 dimittendi
3210 2856 3456 2915 peccata,
3508 2856 3567 2900 ut

1980 2930 2069 2996 qui
2100 2946 2277 2997 neque
2313 2912 2552 2999 Spiritus
2585 2934 2813 3002 gratiam
2847 2936 3219 3005 accepissent:
3274 2937 3447 2993 visum
3477 2947 3566 2993 est

1980 3018 2253 3081 Patribus,
2305 3021 2368 3073 ad
2419 3024 2726 3090 exemplum
2776 3038 2965 3077 eorum
3015 3030 3357 3097 septuaginta
3394 3030 3564 3085 disci-

1978 3112 2252 3180 pulorum,
2306 3114 2731 3184 chorepiscopos
2788 3117 2853 3170 ab
2902 3119 3174 3188 episcopis
3209 3124 3557 3190 promoveri:

1979 3215 2038 3256 ut
2066 3219 2164 3272 per
2190 3220 2284 3260 cos
2315 3205 2468 3260 ﬁeret
2501 3210 2830 3277 pauperibus
2881 3210 3196 3266 distributio
3236 3225 3290 3268 et
3318 3230 3560 3284 expensa

1980 3297 2383 3351 Dominicarum
2444 3301 2825 3370 pecuniarum,
2892 3311 2947 3356 ct
2996 3320 3188 3358 eorum
3248 3324 3371 3374 quae
3420 3326 3562 3363 πτω⁸

1975 3391 2126 3463 χικὰ,
2166 3408 2259 3447 seu
2293 3409 2594 3462 pauperum
2630 3395 2793 3458 bona,
2829 3397 3106 3452 dicuntur.
3194 3400 3560 3465 Quamobrem

1977 3498 2077 3537 nec
2115 3493 2346 3551 possunt
2376 3485 2593 3553 quidem
2621 3488 2973 3558 presbyteros
3001 3491 3083 3544 vel
3119 3492 3381 3547 diaconos
3406 3495 3560 3548 ordi-

1976 3592 2145 3641 nare;
2198 3578 2291 3632 sed
2331 3586 2430 3631 nec
2482 3588 2706 3647 peccata
2743 3580 3043 3646 dimittere,
3095 3588 3556 3654 quemadmodqu

1975 3682 2079 3720 nec
2126 3669 2470 3737 septuaginta
2524 3669 2804 3738 discipuli.
2915 3673 3053 3738 Quia
3108 3686 3288 3730 autem
3340 3695 3555 3747 aequum

1973 3767 2114 3822 erat,
2145 3772 2201 3812 ut
2228 3760 2262 3812 ii
2293 3768 2514 3830 propter
2544 3777 2673 3816 suos
2708 3763 2922 3818 labores
2960 3765 3388 3833 honorarentur,
3438 3782 3557 3828 stac

1976 3859 2199 3904 luerunt
2248 3851 2436 3905 l’atres
2484 3862 2543 3905 ut
2577 3854 2611 3906 ii
2648 3855 2781 3907 nihil
2810 3856 2956 3910 aliud
2992 3858 3259 3925 facerent,
3297 3879 3458 3931 quam
3496 3877 3557 3919 ut.

1975 3952 2231 4011 tanquam
2270 3946 2633 3999 comministri
2669 3962 2824 4002 sacra
2862 3950 3039 4004 solum
3069 3954 3429 4010 celebrarent.
3495 3957 3553 4013 In

1974 4036 2183 4088 decimo
2211 4047 2389 4090 autem
2434 4053 2644 4094 canone
2694 4042 2889 4108 synodi
2940 4044 3296 4100 Antiochense
3329 4056 3552 4103 cautum

1973 4136 2076 4191 est,
2115 4140 2173 4181 ut
2204 4130 2582 4201 cborepiscopi
2618 4125 2822 4205 faciant
2845 4135 3080 4192 lectores
3104 4148 3157 4191 et
3184 4141 3554 4196 subdiaconos

1973 4228 2026 4275 et
2061 4224 2387 4277 exorcistas.
2447 4223 2587 4277 Nom
2609 4240 2739 4295 ergo
2767 4238 2820 4281 et
2845 4243 2909 4281 ex
2934 4228 3034 4281 hoc
3061 4233 3314 4296 prmsenti
3342 4247 3554 4287 canone

1973 4314 2115 4381 quod
2176 4315 2337 4367 etiam
2392 4316 2706 4370 sacerdotes
2765 4334 2874 4372 non
2922 4330 3153 4387 possunt
3200 4334 3549 4391 peccatorum

1973 4406 2352 4459 confessiones
2388 4408 2659 4474 excipere,
2717 4418 2770 4464 et
2800 4422 3019 4480 peccata
3072 4414 3387 4479 remittere,
3444 4417 3551 4471 nisi

1973 4510 2034 4548 ea
2067 4498 2136 4548 ab
2169 4497 2426 4564 episc0po
2460 4497 2567 4551 illis
2600 4513 2863 4554 concessa
2906 4500 3144 4556 fuerint:
3201 4508 3552 4575 quandoqui-

298 4591 393 4645 τοῦ
426 4587 762 4641 ἐπισκόπου·
804 4586 929 4636 ἐπεὶ
980 4582 1100 4635 οὐδὲ
1162 4584 1210 4634 οἱ
1264 4582 1677 4651 χωρεπίσκοποι
1712 4582 1871 4634 τοῦτο

1978 4587 2095 4641 dem
2146 4604 2247 4642 nec
2302 4589 2402 4644 hoc
2454 4601 2689 4659 possunt
2742 4593 3155 4663 cborepiscopi;
3217 4601 3309 4664 qui
3368 4607 3545 4653 tamen

295 4684 574 4745 δύνανται,
616 4679 839 4729 πλείονα
886 4676 981 4726 καὶ
1016 4675 1187 4725 ταῦτα
1220 4676 1495 4743 προνόμια
1548 4673 1699 4741 παρὰ
1743 4675 1868 4737 τοὺς

298 4778 463 4844 ἱερεῖς
499 4773 734 4842 ἔχοντες.
763 4769 886 4819 Ὅτι
917 4767 973 4818 δὲ
1013 4768 1063 4817 οἱ
1094 4766 1469 4835 ἑϐδομήκοντα
1502 4765 1745 4835 μαθηταὶ
1773 4765 1867 4817 τοῦ

301 4871 502 4939 Κυρίου
537 4869 637 4919 οὐκ
668 4863 813 4933 εἶχον
842 4861 1091 4926 ἐξουσίαν
1124 4861 1346 4929 ἀφιέναι
1387 4861 1684 4930 ἁμαρτίας,
1709 4860 1865 4929 δῆλόν

298 4967 445 5015 ἐστιν
476 4962 537 5012 ὲκ
567 4959 667 5027 τῆς
704 4956 886 5026 βίϐλου
923 4954 1032 5005 τῶν
1074 4953 1452 5005 ἁποστολικῶν
1484 4953 1744 5023 [ῐράξεων
1766 4968 1780 4982 ο
1811 4954 1869 5003 ἐν

295 5052 328 5129 ᾖ
360 5055 639 5123 ἱστόρηται
664 5052 690 5102 ὁ
723 5048 1014 5108 Φῑλιππος,
1063 5047 1089 5097 ό
1138 5046 1248 5098 τῶν
1282 5046 1423 5097 ἑπτὰ
1465 5046 1730 5097 διακόνων
1784 5038 1863 5106 είς

296 5145 537 5205 καταϐὰς
588 5143 667 5200 εἰς
724 5139 1062 5209 Σαμάρειαν,
1103 5135 1198 5188 καὶ
1249 5135 1520 5204 βαπτίσας
1588 5135 1816 5197 πολλούς
1848 5153 1863 5168 ο

294 5239 380 5307 ἐφ’
411 5234 502 5296 οὒς
533 5234 938 5288 ἀπεστάλκασιν
965 5231 1015 5282 οἱ
1047 5228 1336 5281 ἀπόστολοι
1378 5230 1584 5299 Πέτρον
1621 5229 1716 5281 καὶ
1752 5227 1866 5281 Ὶω-
1909 5264 1922 5275 .

295 5334 483 5400 άννην,
540 5327 735 5386 οἵτινες
775 5323 1107 5385 ἀπελθόντες
1162 5320 1453 5374 ὲπετίθουν
1515 5321 1613 5384 τὰς
1670 5322 1861 5390 χεῖρας

292 5430 404 5486 τοῖς
437 5419 801 5490 βαπτισθεῖσι,
848 5416 942 5469 καὶ
968 5416 1274 5485 ἐλάμϐανον
1304 5416 1527 5485 Πνεῦμα
1553 5416 1727 5483 ἅγιον.
1761 5414 1867 5469 Οὗ-

293 5535 380 5568 πω
405 5517 511 5584 γὰρ
546 5509 610 5583 ἦν
644 5511 729 5561 ἐπ’
756 5510 934 5563 οὐδενὶ
963 5508 1145 5562 αὐτῶν
1174 5510 1579 5571 ἐπιπεπτωκός.

368 5605 609 5660 ΖΩΝΛΡ.
652 5607 714 5657 Οἱ
768 5604 865 5672 μὲν
919 5600 1207 5673 ἐπίσκοποι
1256 5604 1334 5664 είς
1389 5601 1562 5654 τύπον
1625 5603 1734 5654 τῶν
1796 5601 1866 5672 ιβ’

290 5699 604 5759 ἀποστόλων
666 5697 827 5759 εἰσιν,
875 5690 957 5754 οἷς
996 5694 1322 5763 ἐμφυσήσεις
1354 5695 1381 5745 ό
1416 5693 1617 5763 Κύριος
1666 5695 1857 5765 ἔφησε,

291 5791 513 5848 Λάϐετε
576 5790 817 5856 Πνεῦμα
878 5787 1089 5856 ἅγιον)
1138 5784 1213 5837 ἂν
1264 5802 1443 5839 τινων
1510 5786 1702 5857 ἀφῆτε
1754 5789 1860 5853 τὰς

1968 4683 2120 4747 plura
2177 4680 2371 4735 habent
2428 4684 2708 4753 privilegia
2757 4700 2921 4754 quam
2971 4689 3309 4761 sacerdotes,
3388 4690 3545 4755 Quod

1969 4784 2151 4831 autem
2206 4775 2548 4841 septuaginta
2588 4775 2843 4843 discipuli
2881 4770 3097 4831 Domini
3128 4794 3237 4832 non
3272 4760 3571 4834 habebant.

1968 4862 2279 4917 facultatem
2320 4865 2626 4918 remittendi
2661 4875 2902 4933 peccata,
2937 4868 3147 4922 clarum
3173 4878 3257 4922 est
3304 4887 3369 4922 ex
3408 4872 3545 4924 libro
3580 4856 3585 4875 I‘

1965 4955 2222 5009 Actorum
2254 4958 2663 5023 apostolorum:
2726 4959 2778 5009 in
2810 4973 2920 5025 quo
2952 4959 3206 5013 scribitur
3238 4960 3543 5030 Philippum

1973 5062 2036 5099 ex
2058 5056 2263 5115 septem
2289 5047 2535 5100 diaconis
2567 5064 2757 5111 unum,
2785 5048 3136 5103 descendisse
3169 5051 3221 5103 in
3242 5050 3542 5105 Samariam

1972 5146 2026 5190 et
2055 5139 2359 5206 baptizasse
2393 5137 2627 5203 multos;
2663 5138 2731 5192 ad
2762 5156 2899 5209 quos
2927 5144 3194 5197 miserunt
3222 5142 3388 5215 414
3416 5162 3546 5213 apo-

1972 5230 2095 5283 stoli
2124 5229 2343 5284 Petrum
2374 5240 2427 5285 et
2454 5229 2752 5298 Joannem;
2806 5234 2899 5304 qui
2948 5235 3164 5303 quidem
3194 5251 3260 5290 eo
3292 5237 3542 5311 profecti,

1970 5321 2349 5390 imposuerunt
2401 5339 2597 5380 manus
2641 5325 2707 5379 iis
2762 5328 2850 5394 qui
2884 5326 3143 5397 baptizati
3202 5327 3437 5395 fuerant,
3488 5341 3542 5383 et

1968 5424 2300 5484 acceperunt
2352 5416 2613 5485 Spiritum
2663 5429 2936 5475 sanctum.
3025 5423 3085 5474 In
3132 5422 3338 5475 nullum
3392 5422 3536 5476 enim

1966 5523 2155 5561 eorum
2187 5508 2363 5563 adhuc
2401 5511 2781 5567 descenderat.

2040 5597 2288 5652 ZONAR.
2356 5601 2605 5670 Episcopi
2638 5605 2853 5672 quidem
2886 5605 2938 5658 in
2989 5606 3270 5660 duodecim
3323 5619 3541 5675 aposuo—

1966 5690 2138 5744 lorum
2187 5691 2360 5744 locum
2410 5692 2621 5748 suffecti
2670 5705 2816 5761 sunt,
2866 5697 3061 5766 quibus
3112 5714 3235 5752 eum
3271 5698 3540 5751 suillasset

1966 5782 2247 5850 Dominus,
2302 5785 2553 5854 Accipite,
2584 5789 2777 5857 inquit,
2809 5790 3064 5857 Spiritum
3115 5803 3379 5857 sanctum,
3409 5806 3541 5844 auo-
