  <div class='ocr_page' id='page_1' title='image "/cluster/home/n/w/nwhite01/storage/ocr_20150623/137:no.1/coo.31924054870427/621.png"; bbox 0 0 4076 6394; ppageno 0'>
   <div class='ocr_carea' id='block_1_1' title="bbox 555 383 695 448">
    <p class='ocr_par' dir='ltr' id='par_1_1' title="bbox 555 383 695 448">
     <span class='ocr_line' id='line_1_1' title="bbox 555 383 695 448; baseline -0.014 0"><span class='ocrx_word' id='word_1_1' title='bbox 555 383 695 448; x_wconf 75' lang='grc' dir='ltr'><strong>1Ξ35</strong></span> 
     </span>
    </p>
   </div>
   <div class='ocr_carea' id='block_1_2' title="bbox 1819 379 2554 466">
    <p class='ocr_par' dir='ltr' id='par_1_2' title="bbox 1819 379 2554 466">
     <span class='ocr_line' id='line_1_2' title="bbox 1819 379 2554 466; baseline 0.005 -26"><span class='ocrx_word' id='word_1_2' title='bbox 1819 379 2099 466; x_wconf 80' lang='lat' dir='ltr'><strong>THEQD.</strong></span> <span class='ocrx_word' id='word_1_3' title='bbox 2146 381 2554 444; x_wconf 78' lang='lat' dir='ltr'><strong>B-ALSAMON</strong></span> 
     </span>
    </p>
   </div>
   <div class='ocr_carea' id='block_1_3' title="bbox 3691 368 3842 447">
    <p class='ocr_par' dir='ltr' id='par_1_3' title="bbox 3691 368 3842 447">
     <span class='ocr_line' id='line_1_3' title="bbox 3691 368 3842 447; baseline 0.013 -1"><span class='ocrx_word' id='word_1_4' title='bbox 3691 368 3842 447; x_wconf 73' lang='lat'><strong>1236</strong></span> 
     </span>
    </p>
   </div>
   <div class='ocr_carea' id='block_1_4' title="bbox 541 477 2145 574">
    <p class='ocr_par' dir='ltr' id='par_1_4' title="bbox 541 493 2120 574">
     <span class='ocr_line' id='line_1_4' title="bbox 541 493 2120 574; baseline -0.004 -21"><span class='ocrx_word' id='word_1_5' title='bbox 541 509 597 553; x_wconf 83' lang='lat' dir='ltr'><strong>et</strong></span> <span class='ocrx_word' id='word_1_6' title='bbox 628 511 724 553; x_wconf 91' lang='lat' dir='ltr'><strong>eos</strong></span> <span class='ocrx_word' id='word_1_7' title='bbox 750 496 842 574; x_wconf 87' lang='lat' dir='ltr'><strong>qui</strong></span> <span class='ocrx_word' id='word_1_8' title='bbox 871 505 1025 550; x_wconf 89' lang='lat' dir='ltr'><strong>erant</strong></span> <span class='ocrx_word' id='word_1_9' title='bbox 1055 493 1300 564; x_wconf 85' lang='lat' dir='ltr'><strong>ejusdem</strong></span> <span class='ocrx_word' id='word_1_10' title='bbox 1333 511 1453 549; x_wconf 92' lang='lat' dir='ltr'><strong>cum</strong></span> <span class='ocrx_word' id='word_1_11' title='bbox 1480 496 1572 549; x_wconf 91' lang='lat' dir='ltr'><strong>illo</strong></span> <span class='ocrx_word' id='word_1_12' title='bbox 1598 496 1901 561; x_wconf 60' lang='lat' dir='ltr'><strong>sententiis,</strong></span> <span class='ocrx_word' id='word_1_13' title='bbox 1933 503 2120 548; x_wconf 74' lang='lat' dir='ltr'><strong>coacta</strong></span> 
     </span>
    </p>
   </div>
   <div class='ocr_carea' id='block_1_5' title="bbox 2249 477 3846 574">
    <p class='ocr_par' dir='ltr' id='par_1_5' title="bbox 2249 500 3846 572">
     <span class='ocr_line' id='line_1_5' title="bbox 2249 500 3846 572; baseline 0.003 -21"><span class='ocrx_word' id='word_1_14' title='bbox 2249 500 2450 554; x_wconf 75' lang='grc' dir='ltr'>ιταθίου</span> <span class='ocrx_word' id='word_1_15' title='bbox 2497 501 2642 563; x_wconf 76' lang='grc' dir='ltr'>τινὸς</span> <span class='ocrx_word' id='word_1_16' title='bbox 2696 502 2804 570; x_wconf 69' lang='lat' dir='ltr'><strong>(l2)</strong></span> <span class='ocrx_word' id='word_1_17' title='bbox 2856 502 2947 555; x_wconf 71' lang='lat' dir='ltr'><strong>xui.</strong></span> <span class='ocrx_word' id='word_1_18' title='bbox 2994 501 3103 554; x_wconf 79' lang='grc' dir='ltr'>τῶν</span> <span class='ocrx_word' id='word_1_19' title='bbox 3145 501 3414 572; x_wconf 78' lang='grc' dir='ltr'><strong>ὁμοδόξων</strong></span> <span class='ocrx_word' id='word_1_20' title='bbox 3465 502 3700 571; x_wconf 75' lang='grc' dir='ltr'>ἐκείνῳ·</span> <span class='ocrx_word' id='word_1_21' title='bbox 3753 505 3846 555; x_wconf 80' lang='grc' dir='ltr'><strong>οἴ-</strong></span> 
     </span>
    </p>
   </div>
   <div class='ocr_carea' id='block_1_6' title="bbox 547 585 2124 659">
    <p class='ocr_par' dir='ltr' id='par_1_6' title="bbox 547 585 2124 659">
     <span class='ocr_line' id='line_1_6' title="bbox 547 585 2124 659; baseline -0.006 -13"><span class='ocrx_word' id='word_1_22' title='bbox 547 599 670 646; x_wconf 87' lang='lat' dir='ltr'><strong>est:</strong></span> <span class='ocrx_word' id='word_1_23' title='bbox 716 587 811 659; x_wconf 92' lang='lat' dir='ltr'><strong>qui</strong></span> <span class='ocrx_word' id='word_1_24' title='bbox 863 587 1139 656; x_wconf 82' lang='lat' dir='ltr'><strong>legitimas</strong></span> <span class='ocrx_word' id='word_1_25' title='bbox 1168 587 1387 657; x_wconf 79' lang='lat' dir='ltr'><strong>nuptias</strong></span> <span class='ocrx_word' id='word_1_26' title='bbox 1429 587 1808 650; x_wconf 87' lang='lat' dir='ltr'><strong>criminantes,</strong></span> <span class='ocrx_word' id='word_1_27' title='bbox 1844 585 2124 648; x_wconf 78' lang='lat' dir='ltr'><strong>dicebant,</strong></span> 
     </span>
    </p>
   </div>
   <div class='ocr_carea' id='block_1_7' title="bbox 548 679 2130 748">
    <p class='ocr_par' dir='ltr' id='par_1_7' title="bbox 548 679 2130 748">
     <span class='ocr_line' id='line_1_7' title="bbox 548 679 2130 748; baseline -0.001 -11"><span class='ocrx_word' id='word_1_28' title='bbox 548 681 680 737; x_wconf 86' lang='lat' dir='ltr'><strong>nulli</strong></span> <span class='ocrx_word' id='word_1_29' title='bbox 732 694 949 744; x_wconf 84' lang='lat' dir='ltr'><strong>eorum,</strong></span> <span class='ocrx_word' id='word_1_30' title='bbox 1000 681 1094 747; x_wconf 90' lang='lat' dir='ltr'><strong>qui</strong></span> <span class='ocrx_word' id='word_1_31' title='bbox 1145 679 1495 733; x_wconf 88' lang='lat' dir='ltr'><strong>matrimonio</strong></span> <span class='ocrx_word' id='word_1_32' title='bbox 1521 679 1698 748; x_wconf 89' lang='lat' dir='ltr'><strong>juncti</strong></span> <span class='ocrx_word' id='word_1_33' title='bbox 1743 689 1890 745; x_wconf 89' lang='lat' dir='ltr'><strong>sunt,</strong></span> <span class='ocrx_word' id='word_1_34' title='bbox 1939 695 1968 733; x_wconf 86' lang='lat' dir='ltr'><strong>a</strong></span> <span class='ocrx_word' id='word_1_35' title='bbox 2019 679 2130 736; x_wconf 87' lang='lat' dir='ltr'><strong>Deo</strong></span> 
     </span>
    </p>
   </div>
   <div class='ocr_carea' id='block_1_8' title="bbox 547 751 2129 841">
    <p class='ocr_par' dir='ltr' id='par_1_8' title="bbox 547 751 2129 841">
     <span class='ocr_line' id='line_1_8' title="bbox 547 751 2129 841; baseline 0.004 -16"><span class='ocrx_word' id='word_1_36' title='bbox 547 773 716 827; x_wconf 87' lang='lat' dir='ltr'><strong>ullam</strong></span> <span class='ocrx_word' id='word_1_37' title='bbox 764 787 886 827; x_wconf 91' lang='lat' dir='ltr'><strong>esse</strong></span> <span class='ocrx_word' id='word_1_38' title='bbox 934 787 1085 841; x_wconf 90' lang='lat' dir='ltr'><strong>spem</strong></span> <span class='ocrx_word' id='word_1_39' title='bbox 1128 773 1345 826; x_wconf 90' lang='lat' dir='ltr'><strong>salutis.</strong></span> <span class='ocrx_word' id='word_1_40' title='bbox 1416 751 1826 837; x_wconf 22' lang='lat' dir='ltr'><strong>Quibus-iidem</strong></span> <span class='ocrx_word' id='word_1_41' title='bbox 1861 773 2129 831; x_wconf 77' lang='lat' dir='ltr'><strong>habentes</strong></span> 
     </span>
    </p>
   </div>
   <div class='ocr_carea' id='block_1_9' title="bbox 457 864 2127 934">
    <p class='ocr_par' dir='ltr' id='par_1_9' title="bbox 457 864 2127 934">
     <span class='ocr_line' id='line_1_9' title="bbox 457 864 2127 934; baseline -0.001 -16"><span class='ocrx_word' id='word_1_42' title='bbox 457 903 461 906; x_wconf 60' lang='grc' dir='ltr'><strong>ι</strong></span> <span class='ocrx_word' id='word_1_43' title='bbox 545 866 653 919; x_wconf 80' lang='lat' dir='ltr'><strong>viri</strong></span> <span class='ocrx_word' id='word_1_44' title='bbox 677 875 731 919; x_wconf 89' lang='lat' dir='ltr'><strong>et</strong></span> <span class='ocrx_word' id='word_1_45' title='bbox 753 865 1038 926; x_wconf 83' lang='lat' dir='ltr'><strong>mulieres,</strong></span> <span class='ocrx_word' id='word_1_46' title='bbox 1075 864 1152 917; x_wconf 91' lang='lat' dir='ltr'><strong>illi</strong></span> <span class='ocrx_word' id='word_1_47' title='bbox 1185 865 1401 934; x_wconf 86' lang='lat' dir='ltr'><strong>quidem</strong></span> <span class='ocrx_word' id='word_1_48' title='bbox 1433 879 1561 919; x_wconf 88' lang='lat' dir='ltr'><strong>suas</strong></span> <span class='ocrx_word' id='word_1_49' title='bbox 1589 880 1789 921; x_wconf 79' lang='lat' dir='ltr'><strong>uxores</strong></span> <span class='ocrx_word' id='word_1_50' title='bbox 1817 865 2127 934; x_wconf 90' lang='lat' dir='ltr'><strong>ejiciebant,</strong></span> 
     </span>
    </p>
   </div>
   <div class='ocr_carea' id='block_1_10' title="bbox 545 953 2133 1029">
    <p class='ocr_par' dir='ltr' id='par_1_10' title="bbox 545 953 2133 1029">
     <span class='ocr_line' id='line_1_10' title="bbox 545 953 2133 1029; baseline 0.002 -19"><span class='ocrx_word' id='word_1_51' title='bbox 545 960 630 1013; x_wconf 69' lang='lat' dir='ltr'><strong>hae</strong></span> <span class='ocrx_word' id='word_1_52' title='bbox 658 973 785 1012; x_wconf 86' lang='lat' dir='ltr'><strong>vero</strong></span> <span class='ocrx_word' id='word_1_53' title='bbox 823 959 1075 1027; x_wconf 84' lang='lat' dir='ltr'><strong>preprios</strong></span> <span class='ocrx_word' id='word_1_54' title='bbox 1112 958 1338 1012; x_wconf 83' lang='lat' dir='ltr'><strong>maritos</strong></span> <span class='ocrx_word' id='word_1_55' title='bbox 1362 957 1758 1029; x_wconf 83' lang='lat' dir='ltr'><strong>relinquentes,</strong></span> <span class='ocrx_word' id='word_1_56' title='bbox 1788 953 2133 1014; x_wconf 83' lang='lat' dir='ltr'><strong>continenter</strong></span> 
     </span>
    </p>
   </div>
   <div class='ocr_carea' id='block_1_11' title="bbox 543 1048 2131 1124">
    <p class='ocr_par' dir='ltr' id='par_1_11' title="bbox 543 1048 2131 1124">
     <span class='ocr_line' id='line_1_11' title="bbox 543 1048 2131 1124; baseline 0.001 -20"><span class='ocrx_word' id='word_1_57' title='bbox 543 1052 731 1106; x_wconf 79' lang='lat' dir='ltr'><strong>vivere</strong></span> <span class='ocrx_word' id='word_1_58' title='bbox 760 1051 1038 1106; x_wconf 88' lang='lat' dir='ltr'><strong>volebant.</strong></span> <span class='ocrx_word' id='word_1_59' title='bbox 1110 1048 1317 1105; x_wconf 88' lang='lat' dir='ltr'><strong>Deinde</strong></span> <span class='ocrx_word' id='word_1_60' title='bbox 1361 1051 1528 1105; x_wconf 86' lang='lat' dir='ltr'><strong>vitam</strong></span> <span class='ocrx_word' id='word_1_61' title='bbox 1567 1054 1817 1124; x_wconf 84' lang='lat' dir='ltr'><strong>conjugis</strong></span> <span class='ocrx_word' id='word_1_62' title='bbox 1856 1064 2131 1123; x_wconf 81' lang='lat' dir='ltr'><strong>expertem</strong></span> 
     </span>
    </p>
   </div>
   <div class='ocr_carea' id='block_1_12' title="bbox 547 1143 2132 1209">
    <p class='ocr_par' dir='ltr' id='par_1_12' title="bbox 547 1143 2132 1209">
     <span class='ocr_line' id='line_1_12' title="bbox 547 1143 2132 1209; baseline 0.001 -12"><span class='ocrx_word' id='word_1_63' title='bbox 547 1161 654 1200; x_wconf 91' lang='lat' dir='ltr'><strong>non</strong></span> <span class='ocrx_word' id='word_1_64' title='bbox 702 1143 966 1208; x_wconf 78' lang='lat' dir='ltr'><strong>ferentes,</strong></span> <span class='ocrx_word' id='word_1_65' title='bbox 1000 1145 1052 1198; x_wconf 92' lang='lat' dir='ltr'><strong>in</strong></span> <span class='ocrx_word' id='word_1_66' title='bbox 1087 1143 1417 1199; x_wconf 87' lang='lat' dir='ltr'><strong>adulterium</strong></span> <span class='ocrx_word' id='word_1_67' title='bbox 1460 1144 1910 1209; x_wconf 86' lang='lat' dir='ltr'><strong>prolabebantur.</strong></span> <span class='ocrx_word' id='word_1_68' title='bbox 1962 1145 2132 1199; x_wconf 88' lang='lat' dir='ltr'><strong>Doce-</strong></span> 
     </span>
    </p>
   </div>
   <div class='ocr_carea' id='block_1_13' title="bbox 546 1227 2132 1307">
    <p class='ocr_par' dir='ltr' id='par_1_13' title="bbox 546 1227 2132 1307">
     <span class='ocr_line' id='line_1_13' title="bbox 546 1227 2132 1307; baseline -0.001 -17"><span class='ocrx_word' id='word_1_69' title='bbox 546 1237 680 1291; x_wconf 88' lang='lat' dir='ltr'><strong>bant</strong></span> <span class='ocrx_word' id='word_1_70' title='bbox 711 1247 892 1291; x_wconf 88' lang='lat' dir='ltr'><strong>autem</strong></span> <span class='ocrx_word' id='word_1_71' title='bbox 931 1227 1303 1302; x_wconf 85' lang='lat' dir='ltr'><strong>Eustathiani,</strong></span> <span class='ocrx_word' id='word_1_72' title='bbox 1351 1246 1464 1291; x_wconf 86' lang='lat' dir='ltr'><strong>tum</strong></span> <span class='ocrx_word' id='word_1_73' title='bbox 1493 1237 1598 1292; x_wconf 88' lang='lat' dir='ltr'><strong>alia</strong></span> <span class='ocrx_word' id='word_1_74' title='bbox 1631 1246 1828 1307; x_wconf 79' lang='lat' dir='ltr'><strong>przeter</strong></span> <span class='ocrx_word' id='word_1_75' title='bbox 1873 1237 2132 1292; x_wconf 84' lang='lat' dir='ltr'><strong>ecclesia-</strong></span> 
     </span>
    </p>
   </div>
   <div class='ocr_carea' id='block_1_14' title="bbox 547 1328 2134 1394">
    <p class='ocr_par' dir='ltr' id='par_1_14' title="bbox 547 1328 2134 1394">
     <span class='ocr_line' id='line_1_14' title="bbox 547 1328 2134 1394; baseline -0.001 -10"><span class='ocrx_word' id='word_1_76' title='bbox 547 1329 740 1385; x_wconf 85' lang='lat' dir='ltr'><strong>sticam</strong></span> <span class='ocrx_word' id='word_1_77' title='bbox 792 1328 1140 1384; x_wconf 87' lang='lat' dir='ltr'><strong>traditionem</strong></span> <span class='ocrx_word' id='word_1_78' title='bbox 1195 1331 1251 1384; x_wconf 69' lang='lat' dir='ltr'><strong>et</strong></span> <span class='ocrx_word' id='word_1_79' title='bbox 1293 1331 1776 1394; x_wconf 86' lang='lat' dir='ltr'><strong>censuetudinem,</strong></span> <span class='ocrx_word' id='word_1_80' title='bbox 1821 1339 1936 1384; x_wconf 91' lang='lat' dir='ltr'><strong>tum</strong></span> <span class='ocrx_word' id='word_1_81' title='bbox 1970 1329 2134 1385; x_wconf 86' lang='lat' dir='ltr'><strong>etiam</strong></span> 
     </span>
    </p>
   </div>
   <div class='ocr_carea' id='block_1_15' title="bbox 546 1421 2137 1488">
    <p class='ocr_par' dir='ltr' id='par_1_15' title="bbox 546 1421 2137 1488">
     <span class='ocr_line' id='line_1_15' title="bbox 546 1421 2137 1488; baseline 0.001 -13"><span class='ocrx_word' id='word_1_82' title='bbox 546 1421 908 1476; x_wconf 84' lang='lat' dir='ltr'><strong>ecclesiarum</strong></span> <span class='ocrx_word' id='word_1_83' title='bbox 946 1421 1161 1477; x_wconf 80' lang='lat' dir='ltr'><strong>fructus</strong></span> <span class='ocrx_word' id='word_1_84' title='bbox 1194 1423 1297 1477; x_wconf 84' lang='lat' dir='ltr'><strong>sibi</strong></span> <span class='ocrx_word' id='word_1_85' title='bbox 1346 1423 1740 1488; x_wconf 85' lang='lat' dir='ltr'><strong>vindicabant;</strong></span> <span class='ocrx_word' id='word_1_86' title='bbox 1786 1433 1840 1478; x_wconf 91' lang='lat' dir='ltr'><strong>et</strong></span> <span class='ocrx_word' id='word_1_87' title='bbox 1877 1423 2137 1477; x_wconf 86' lang='lat' dir='ltr'><strong>mulieres</strong></span> 
     </span>
    </p>
   </div>
   <div class='ocr_carea' id='block_1_16' title="bbox 550 1513 2134 1584">
    <p class='ocr_par' dir='ltr' id='par_1_16' title="bbox 550 1513 2134 1584">
     <span class='ocr_line' id='line_1_16' title="bbox 550 1513 2134 1584; baseline -0.001 -18"><span class='ocrx_word' id='word_1_88' title='bbox 550 1513 804 1569; x_wconf 80' lang='lat' dir='ltr'><strong>virilibus</strong></span> <span class='ocrx_word' id='word_1_89' title='bbox 832 1513 973 1584; x_wconf 85' lang='lat' dir='ltr'><strong>apud</strong></span> <span class='ocrx_word' id='word_1_90' title='bbox 999 1529 1091 1568; x_wconf 91' lang='lat' dir='ltr'><strong>eos</strong></span> <span class='ocrx_word' id='word_1_91' title='bbox 1124 1515 1371 1570; x_wconf 84' lang='lat' dir='ltr'><strong>vestibus</strong></span> <span class='ocrx_word' id='word_1_92' title='bbox 1400 1515 1793 1580; x_wconf 89' lang='lat' dir='ltr'><strong>induebantur,</strong></span> <span class='ocrx_word' id='word_1_93' title='bbox 1840 1523 1893 1568; x_wconf 89' lang='lat' dir='ltr'><strong>et</strong></span> <span class='ocrx_word' id='word_1_94' title='bbox 1924 1528 2134 1567; x_wconf 84' lang='lat' dir='ltr'><strong>comam</strong></span> 
     </span>
    </p>
   </div>
   <div class='ocr_carea' id='block_1_17' title="bbox 548 1605 2136 1676">
    <p class='ocr_par' dir='ltr' id='par_1_17' title="bbox 548 1605 2136 1676">
     <span class='ocr_line' id='line_1_17' title="bbox 548 1605 2136 1676; baseline -0.003 -16"><span class='ocrx_word' id='word_1_95' title='bbox 548 1605 878 1662; x_wconf 80' lang='lat' dir='ltr'><strong>tondebant:</strong></span> <span class='ocrx_word' id='word_1_96' title='bbox 929 1607 1060 1676; x_wconf 86' lang='lat' dir='ltr'><strong>quin</strong></span> <span class='ocrx_word' id='word_1_97' title='bbox 1100 1616 1154 1662; x_wconf 91' lang='lat' dir='ltr'><strong>et</strong></span> <span class='ocrx_word' id='word_1_98' title='bbox 1207 1608 1401 1662; x_wconf 88' lang='lat' dir='ltr'><strong>diebus</strong></span> <span class='ocrx_word' id='word_1_99' title='bbox 1433 1607 1727 1661; x_wconf 84' lang='lat' dir='ltr'><strong>Dominicis</strong></span> <span class='ocrx_word' id='word_1_100' title='bbox 1775 1605 2136 1676; x_wconf 87' lang='lat' dir='ltr'><strong>jejunandum</strong></span> 
     </span>
    </p>
   </div>
   <div class='ocr_carea' id='block_1_18' title="bbox 550 1699 2141 1769">
    <p class='ocr_par' dir='ltr' id='par_1_18' title="bbox 550 1699 2141 1769">
     <span class='ocr_line' id='line_1_18' title="bbox 550 1699 2141 1769; baseline -0.001 -18"><span class='ocrx_word' id='word_1_101' title='bbox 550 1713 676 1755; x_wconf 85' lang='lat' dir='ltr'><strong>esse</strong></span> <span class='ocrx_word' id='word_1_102' title='bbox 712 1699 1022 1764; x_wconf 85' lang='lat' dir='ltr'><strong>tradebant,</strong></span> <span class='ocrx_word' id='word_1_103' title='bbox 1077 1708 1132 1754; x_wconf 87' lang='lat' dir='ltr'><strong>et</strong></span> <span class='ocrx_word' id='word_1_104' title='bbox 1175 1699 1383 1769; x_wconf 82' lang='lat' dir='ltr'><strong>jejunia</strong></span> <span class='ocrx_word' id='word_1_105' title='bbox 1409 1700 1665 1755; x_wconf 86' lang='lat' dir='ltr'><strong>Ecclesiae</strong></span> <span class='ocrx_word' id='word_1_106' title='bbox 1694 1699 1914 1753; x_wconf 85' lang='lat' dir='ltr'><strong>decreta</strong></span> <span class='ocrx_word' id='word_1_107' title='bbox 1951 1712 2141 1766; x_wconf 80' lang='lat' dir='ltr'><strong>asper-</strong></span> 
     </span>
    </p>
   </div>
   <div class='ocr_carea' id='block_1_19' title="bbox 549 1786 2138 1857">
    <p class='ocr_par' dir='ltr' id='par_1_19' title="bbox 549 1786 2138 1857">
     <span class='ocr_line' id='line_1_19' title="bbox 549 1786 2138 1857; baseline -0.001 -14"><span class='ocrx_word' id='word_1_108' title='bbox 549 1789 846 1854; x_wconf 88' lang='lat' dir='ltr'><strong>nabantur,</strong></span> <span class='ocrx_word' id='word_1_109' title='bbox 895 1799 950 1843; x_wconf 90' lang='lat' dir='ltr'><strong>et</strong></span> <span class='ocrx_word' id='word_1_110' title='bbox 1005 1804 1202 1844; x_wconf 88' lang='lat' dir='ltr'><strong>carnes</strong></span> <span class='ocrx_word' id='word_1_111' title='bbox 1256 1789 1669 1857; x_wconf 82' lang='lat' dir='ltr'><strong>abhorrebant;</strong></span> <span class='ocrx_word' id='word_1_112' title='bbox 1721 1798 1775 1843; x_wconf 88' lang='lat' dir='ltr'><strong>et</strong></span> <span class='ocrx_word' id='word_1_113' title='bbox 1823 1788 1878 1842; x_wconf 92' lang='lat' dir='ltr'><strong>in</strong></span> <span class='ocrx_word' id='word_1_114' title='bbox 1927 1786 2138 1843; x_wconf 81' lang='lat' dir='ltr'><strong>aedibus</strong></span> 
     </span>
    </p>
   </div>
   <div class='ocr_carea' id='block_1_20' title="bbox 549 1882 2140 1953">
    <p class='ocr_par' dir='ltr' id='par_1_20' title="bbox 549 1882 2140 1953">
     <span class='ocr_line' id='line_1_20' title="bbox 549 1882 2140 1953; baseline -0.003 -17"><span class='ocrx_word' id='word_1_115' title='bbox 549 1882 668 1950; x_wconf 88' lang='lat' dir='ltr'><strong>ejus</strong></span> <span class='ocrx_word' id='word_1_116' title='bbox 699 1883 794 1953; x_wconf 90' lang='lat' dir='ltr'><strong>qui</strong></span> <span class='ocrx_word' id='word_1_117' title='bbox 824 1898 1046 1936; x_wconf 82' lang='lat' dir='ltr'><strong>uxorem</strong></span> <span class='ocrx_word' id='word_1_118' title='bbox 1082 1883 1238 1936; x_wconf 81' lang='lat' dir='ltr'><strong>duxit</strong></span> <span class='ocrx_word' id='word_1_119' title='bbox 1266 1898 1447 1952; x_wconf 87' lang='lat' dir='ltr'><strong>neque</strong></span> <span class='ocrx_word' id='word_1_120' title='bbox 1470 1897 1653 1946; x_wconf 87' lang='lat' dir='ltr'><strong>orare,</strong></span> <span class='ocrx_word' id='word_1_121' title='bbox 1680 1897 1862 1952; x_wconf 88' lang='lat' dir='ltr'><strong>neque</strong></span> <span class='ocrx_word' id='word_1_122' title='bbox 1893 1895 2140 1936; x_wconf 85' lang='lat' dir='ltr'><strong>commu-</strong></span> 
     </span>
    </p>
   </div>
   <div class='ocr_carea' id='block_1_21' title="bbox 548 1974 2140 2044">
    <p class='ocr_par' dir='ltr' id='par_1_21' title="bbox 548 1974 2140 2044">
     <span class='ocr_line' id='line_1_21' title="bbox 548 1974 2140 2044; baseline -0.001 -15"><span class='ocrx_word' id='word_1_123' title='bbox 548 1975 738 2031; x_wconf 87' lang='lat' dir='ltr'><strong>nicare</strong></span> <span class='ocrx_word' id='word_1_124' title='bbox 797 1975 1225 2044; x_wconf 86' lang='lat' dir='ltr'><strong>permittebant,</strong></span> <span class='ocrx_word' id='word_1_125' title='bbox 1274 1985 1327 2028; x_wconf 90' lang='lat' dir='ltr'><strong>et</strong></span> <span class='ocrx_word' id='word_1_126' title='bbox 1381 1975 1745 2038; x_wconf 87' lang='lat' dir='ltr'><strong>sacerdotes,</strong></span> <span class='ocrx_word' id='word_1_127' title='bbox 1796 1974 1889 2044; x_wconf 90' lang='lat' dir='ltr'><strong>qui</strong></span> <span class='ocrx_word' id='word_1_128' title='bbox 1940 1988 2140 2028; x_wconf 83' lang='lat' dir='ltr'><strong>uxores</strong></span> 
     </span>
    </p>
   </div>
   <div class='ocr_carea' id='block_1_22' title="bbox 549 2067 2142 2137">
    <p class='ocr_par' dir='ltr' id='par_1_22' title="bbox 549 2067 2142 2137">
     <span class='ocr_line' id='line_1_22' title="bbox 549 2067 2142 2137; baseline 0 -17"><span class='ocrx_word' id='word_1_129' title='bbox 549 2069 845 2131; x_wconf 79' lang='lat' dir='ltr'><strong>duxerant,</strong></span> <span class='ocrx_word' id='word_1_130' title='bbox 891 2067 1324 2132; x_wconf 78' lang='lat' dir='ltr'><strong>aversabantur;</strong></span> <span class='ocrx_word' id='word_1_131' title='bbox 1372 2076 1426 2122; x_wconf 91' lang='lat' dir='ltr'><strong>et</strong></span> <span class='ocrx_word' id='word_1_132' title='bbox 1470 2068 1613 2130; x_wconf 83' lang='lat' dir='ltr'><strong>loca,</strong></span> <span class='ocrx_word' id='word_1_133' title='bbox 1663 2068 1716 2121; x_wconf 91' lang='lat' dir='ltr'><strong>in</strong></span> <span class='ocrx_word' id='word_1_134' title='bbox 1763 2068 1964 2137; x_wconf 89' lang='lat' dir='ltr'><strong>quibus</strong></span> <span class='ocrx_word' id='word_1_135' title='bbox 1991 2083 2142 2122; x_wconf 86' lang='lat' dir='ltr'><strong>inar-</strong></span> 
     </span>
    </p>
   </div>
   <div class='ocr_carea' id='block_1_23' title="bbox 550 2159 2141 2230">
    <p class='ocr_par' dir='ltr' id='par_1_23' title="bbox 550 2159 2141 2230">
     <span class='ocr_line' id='line_1_23' title="bbox 550 2159 2141 2230; baseline 0 -17"><span class='ocrx_word' id='word_1_136' title='bbox 550 2169 730 2230; x_wconf 87' lang='lat' dir='ltr'><strong>tyrum</strong></span> <span class='ocrx_word' id='word_1_137' title='bbox 780 2159 972 2228; x_wconf 68' lang='lat' dir='ltr'><strong>posita:</strong></span> <span class='ocrx_word' id='word_1_138' title='bbox 1015 2168 1172 2213; x_wconf 88' lang='lat' dir='ltr'><strong>erant</strong></span> <span class='ocrx_word' id='word_1_139' title='bbox 1222 2159 1490 2228; x_wconf 64' lang='lat' dir='ltr'><strong>reliquiae.</strong></span> <span class='ocrx_word' id='word_1_140' title='bbox 1544 2170 1604 2213; x_wconf 91' lang='lat' dir='ltr'><strong>ut</strong></span> <span class='ocrx_word' id='word_1_141' title='bbox 1631 2161 1967 2223; x_wconf 86' lang='lat' dir='ltr'><strong>communia,</strong></span> <span class='ocrx_word' id='word_1_142' title='bbox 2011 2176 2141 2215; x_wconf 83' lang='lat' dir='ltr'><strong>cen-</strong></span> 
     </span>
    </p>
   </div>
   <div class='ocr_carea' id='block_1_24' title="bbox 549 2249 2139 2322">
    <p class='ocr_par' dir='ltr' id='par_1_24' title="bbox 549 2249 2139 2322">
     <span class='ocr_line' id='line_1_24' title="bbox 549 2249 2139 2322; baseline 0.001 -18"><span class='ocrx_word' id='word_1_143' title='bbox 549 2249 905 2308; x_wconf 83' lang='lat' dir='ltr'><strong>temnebant:</strong></span> <span class='ocrx_word' id='word_1_144' title='bbox 958 2262 1013 2305; x_wconf 91' lang='lat' dir='ltr'><strong>et</strong></span> <span class='ocrx_word' id='word_1_145' title='bbox 1041 2266 1158 2314; x_wconf 86' lang='lat' dir='ltr'><strong>eos,</strong></span> <span class='ocrx_word' id='word_1_146' title='bbox 1193 2252 1286 2321; x_wconf 87' lang='lat' dir='ltr'><strong>qui</strong></span> <span class='ocrx_word' id='word_1_147' title='bbox 1322 2253 1588 2322; x_wconf 75' lang='lat' dir='ltr'><strong>pecunias</strong></span> <span class='ocrx_word' id='word_1_148' title='bbox 1612 2253 1876 2308; x_wconf 83' lang='lat' dir='ltr'><strong>habentes</strong></span> <span class='ocrx_word' id='word_1_149' title='bbox 1911 2268 2005 2308; x_wconf 89' lang='lat' dir='ltr'><strong>eas</strong></span> <span class='ocrx_word' id='word_1_150' title='bbox 2033 2270 2139 2306; x_wconf 89' lang='lat' dir='ltr'><strong>non</strong></span> 
     </span>
    </p>
   </div>
   <div class='ocr_carea' id='block_1_25' title="bbox 549 2343 2140 2412">
    <p class='ocr_par' dir='ltr' id='par_1_25' title="bbox 549 2343 2140 2412">
     <span class='ocr_line' id='line_1_25' title="bbox 549 2343 2140 2412; baseline 0.001 -17"><span class='ocrx_word' id='word_1_151' title='bbox 549 2352 951 2412; x_wconf 85' lang='lat' dir='ltr'><strong>contempsere,</strong></span> <span class='ocrx_word' id='word_1_152' title='bbox 1003 2343 1469 2408; x_wconf 78' lang='lat' dir='ltr'><strong>condemnabam,</strong></span> <span class='ocrx_word' id='word_1_153' title='bbox 1528 2345 1752 2412; x_wconf 85' lang='lat' dir='ltr'><strong>perinde</strong></span> <span class='ocrx_word' id='word_1_154' title='bbox 1793 2359 1858 2397; x_wconf 90' lang='lat' dir='ltr'><strong>ac</strong></span> <span class='ocrx_word' id='word_1_155' title='bbox 1892 2344 1936 2399; x_wconf 91' lang='lat' dir='ltr'><strong>si</strong></span> <span class='ocrx_word' id='word_1_156' title='bbox 1991 2345 2140 2398; x_wconf 85' lang='lat' dir='ltr'><strong>nulla</strong></span> 
     </span>
    </p>
   </div>
   <div class='ocr_carea' id='block_1_26' title="bbox 548 2435 2143 2507">
    <p class='ocr_par' dir='ltr' id='par_1_26' title="bbox 548 2435 2143 2507">
     <span class='ocr_line' id='line_1_26' title="bbox 548 2435 2143 2507; baseline 0 -16"><span class='ocrx_word' id='word_1_157' title='bbox 548 2435 633 2491; x_wconf 89' lang='lat' dir='ltr'><strong>eis</strong></span> <span class='ocrx_word' id='word_1_158' title='bbox 659 2435 848 2490; x_wconf 88' lang='lat' dir='ltr'><strong>relicta</strong></span> <span class='ocrx_word' id='word_1_159' title='bbox 898 2445 1043 2492; x_wconf 84' lang='lat' dir='ltr'><strong>esset</strong></span> <span class='ocrx_word' id='word_1_160' title='bbox 1076 2451 1201 2507; x_wconf 89' lang='lat' dir='ltr'><strong>spes</strong></span> <span class='ocrx_word' id='word_1_161' title='bbox 1249 2437 1478 2503; x_wconf 89' lang='lat' dir='ltr'><strong>salutis;</strong></span> <span class='ocrx_word' id='word_1_162' title='bbox 1533 2446 1585 2491; x_wconf 87' lang='lat' dir='ltr'><strong>et</strong></span> <span class='ocrx_word' id='word_1_163' title='bbox 1620 2437 1787 2492; x_wconf 89' lang='lat' dir='ltr'><strong>multa</strong></span> <span class='ocrx_word' id='word_1_164' title='bbox 1822 2437 1924 2493; x_wconf 85' lang='lat' dir='ltr'><strong>alia</strong></span> <span class='ocrx_word' id='word_1_165' title='bbox 1953 2438 2143 2493; x_wconf 89' lang='lat' dir='ltr'><strong>decer-</strong></span> 
     </span>
    </p>
   </div>
   <div class='ocr_carea' id='block_1_27' title="bbox 550 2528 2140 2600">
    <p class='ocr_par' dir='ltr' id='par_1_27' title="bbox 550 2528 2140 2600">
     <span class='ocr_line' id='line_1_27' title="bbox 550 2528 2140 2600; baseline 0.001 -18"><span class='ocrx_word' id='word_1_166' title='bbox 550 2528 757 2583; x_wconf 84' lang='lat' dir='ltr'><strong>nebant</strong></span> <span class='ocrx_word' id='word_1_167' title='bbox 816 2540 872 2596; x_wconf 83' lang='lat' dir='ltr'><strong>et</strong></span> <span class='ocrx_word' id='word_1_168' title='bbox 920 2530 1211 2584; x_wconf 79' lang='lat' dir='ltr'><strong>docebant.</strong></span> <span class='ocrx_word' id='word_1_169' title='bbox 1309 2531 1591 2586; x_wconf 83' lang='lat' dir='ltr'><strong>Adversus</strong></span> <span class='ocrx_word' id='word_1_170' title='bbox 1642 2545 1738 2586; x_wconf 89' lang='lat' dir='ltr'><strong>eos</strong></span> <span class='ocrx_word' id='word_1_171' title='bbox 1785 2546 1914 2600; x_wconf 80' lang='lat' dir='ltr'><strong>ergo</strong></span> <span class='ocrx_word' id='word_1_172' title='bbox 1963 2531 2140 2586; x_wconf 90' lang='lat' dir='ltr'><strong>sancti</strong></span> 
     </span>
    </p>
   </div>
   <div class='ocr_carea' id='block_1_28' title="bbox 555 2621 2142 2695">
    <p class='ocr_par' dir='ltr' id='par_1_28' title="bbox 555 2621 2142 2695">
     <span class='ocr_line' id='line_1_28' title="bbox 555 2621 2142 2695; baseline 0.002 -20"><span class='ocrx_word' id='word_1_173' title='bbox 555 2621 745 2678; x_wconf 84' lang='lat' dir='ltr'><strong>Patres</strong></span> <span class='ocrx_word' id='word_1_174' title='bbox 796 2631 1108 2692; x_wconf 72' lang='lat' dir='ltr'><strong>congregati</strong></span> <span class='ocrx_word' id='word_1_175' title='bbox 1161 2623 1252 2692; x_wconf 87' lang='lat' dir='ltr'><strong>hic</strong></span> <span class='ocrx_word' id='word_1_176' title='bbox 1311 2624 1590 2692; x_wconf 80' lang='lat' dir='ltr'><strong>subjecws</strong></span> <span class='ocrx_word' id='word_1_177' title='bbox 1656 2639 1898 2680; x_wconf 87' lang='lat' dir='ltr'><strong>canones</strong></span> <span class='ocrx_word' id='word_1_178' title='bbox 1967 2639 2142 2695; x_wconf 76' lang='lat' dir='ltr'><strong>expo-</strong></span> 
     </span>
    </p>
   </div>
   <div class='ocr_carea' id='block_1_29' title="bbox 553 2714 2142 2784">
    <p class='ocr_par' dir='ltr' id='par_1_29' title="bbox 553 2714 2142 2784">
     <span class='ocr_line' id='line_1_29' title="bbox 553 2714 2142 2784; baseline 0.001 -15"><span class='ocrx_word' id='word_1_179' title='bbox 553 2725 835 2769; x_wconf 83' lang='lat' dir='ltr'><strong>suerunt:</strong></span> <span class='ocrx_word' id='word_1_180' title='bbox 910 2723 966 2768; x_wconf 88' lang='lat' dir='ltr'><strong>et</strong></span> <span class='ocrx_word' id='word_1_181' title='bbox 1024 2714 1146 2770; x_wconf 90' lang='lat' dir='ltr'><strong>ideo</strong></span> <span class='ocrx_word' id='word_1_182' title='bbox 1220 2715 1514 2784; x_wconf 88' lang='lat' dir='ltr'><strong>unicuique</strong></span> <span class='ocrx_word' id='word_1_183' title='bbox 1584 2717 1787 2771; x_wconf 89' lang='lat' dir='ltr'><strong>canoni</strong></span> <span class='ocrx_word' id='word_1_184' title='bbox 1854 2717 2142 2772; x_wconf 76' lang='lat' dir='ltr'><strong>anathema</strong></span> 
     </span>
    </p>
   </div>
   <div class='ocr_carea' id='block_1_30' title="bbox 554 2804 2156 2876">
    <p class='ocr_par' dir='ltr' id='par_1_30' title="bbox 554 2804 2156 2876">
     <span class='ocr_line' id='line_1_30' title="bbox 554 2804 2156 2876; baseline 0.002 -17"><span class='ocrx_word' id='word_1_185' title='bbox 554 2804 873 2875; x_wconf 85' lang='lat' dir='ltr'><strong>adjecerunt</strong></span> <span class='ocrx_word' id='word_1_186' title='bbox 921 2805 986 2859; x_wconf 89' lang='lat' dir='ltr'><strong>ad</strong></span> <span class='ocrx_word' id='word_1_187' title='bbox 1056 2805 1474 2862; x_wconf 88' lang='lat' dir='ltr'><strong>subversionem</strong></span> <span class='ocrx_word' id='word_1_188' title='bbox 1527 2807 1796 2871; x_wconf 70' lang='lat' dir='ltr'><strong>haeresis,</strong></span> <span class='ocrx_word' id='word_1_189' title='bbox 1862 2809 2156 2876; x_wconf 81' lang='lat' dir='ltr'><strong>docentes,</strong></span> 
     </span>
    </p>
   </div>
   <div class='ocr_carea' id='block_1_31' title="bbox 567 2897 2146 2969">
    <p class='ocr_par' dir='ltr' id='par_1_31' title="bbox 567 2897 2146 2969">
     <span class='ocr_line' id='line_1_31' title="bbox 567 2897 2146 2969; baseline 0 -15"><span class='ocrx_word' id='word_1_190' title='bbox 567 2899 651 2954; x_wconf 90' lang='lat' dir='ltr'><strong>sic</strong></span> <span class='ocrx_word' id='word_1_191' title='bbox 719 2906 974 2969; x_wconf 88' lang='lat' dir='ltr'><strong>oportere</strong></span> <span class='ocrx_word' id='word_1_192' title='bbox 1037 2897 1432 2954; x_wconf 84' lang='lat' dir='ltr'><strong>Eustathianos</strong></span> <span class='ocrx_word' id='word_1_193' title='bbox 1499 2900 1564 2955; x_wconf 92' lang='lat' dir='ltr'><strong>ad</strong></span> <span class='ocrx_word' id='word_1_194' title='bbox 1620 2900 1924 2956; x_wconf 89' lang='lat' dir='ltr'><strong>Ecclesiam</strong></span> <span class='ocrx_word' id='word_1_195' title='bbox 1989 2915 2146 2954; x_wconf 90' lang='lat' dir='ltr'><strong>acce-</strong></span> 
     </span>
    </p>
   </div>
   <div class='ocr_carea' id='block_1_32' title="bbox 555 2990 2163 3063">
    <p class='ocr_par' dir='ltr' id='par_1_32' title="bbox 555 2990 2163 3063">
     <span class='ocr_line' id='line_1_32' title="bbox 555 2990 2163 3063; baseline 0 -17"><span class='ocrx_word' id='word_1_196' title='bbox 555 2993 772 3052; x_wconf 83' lang='lat' dir='ltr'><strong>dentes.</strong></span> <span class='ocrx_word' id='word_1_197' title='bbox 841 3006 1286 3063; x_wconf 81' lang='lat' dir='ltr'><strong>uqamquamque</strong></span> <span class='ocrx_word' id='word_1_198' title='bbox 1335 3008 1491 3049; x_wconf 81' lang='lat' dir='ltr'><strong>suam</strong></span> <span class='ocrx_word' id='word_1_199' title='bbox 1543 2994 1858 3061; x_wconf 88' lang='lat' dir='ltr'><strong>opinionem</strong></span> <span class='ocrx_word' id='word_1_200' title='bbox 1912 2990 2163 3048; x_wconf 40' lang='lat' dir='ltr'><strong>anathei</strong></span> 
     </span>
    </p>
   </div>
   <div class='ocr_carea' id='block_1_33' title="bbox 554 3099 839 3140">
    <p class='ocr_par' dir='ltr' id='par_1_33' title="bbox 554 3099 839 3140">
     <span class='ocr_line' id='line_1_33' title="bbox 554 3099 839 3140; baseline -0.007 0"><span class='ocrx_word' id='word_1_201' title='bbox 554 3099 839 3140; x_wconf 86' lang='lat' dir='ltr'><strong>mauzare.</strong></span> 
     </span>
    </p>
   </div>
   <div class='ocr_carea' id='block_1_34' title="bbox 2227 586 3906 662">
    <p class='ocr_par' dir='ltr' id='par_1_34' title="bbox 2227 586 3906 662">
     <span class='ocr_line' id='line_1_34' title="bbox 2227 586 3906 662; baseline 0.001 -19"><span class='ocrx_word' id='word_1_202' title='bbox 2227 591 2527 655; x_wconf 78' lang='grc' dir='ltr'>τινες,.τὸν</span> <span class='ocrx_word' id='word_1_203' title='bbox 2554 591 2794 662; x_wconf 54' lang='grc' dir='ltr'>ἔννομον</span> <span class='ocrx_word' id='word_1_204' title='bbox 2848 594 3028 660; x_wconf 80' lang='grc' dir='ltr'>γάμον</span> <span class='ocrx_word' id='word_1_205' title='bbox 3093 593 3204 659; x_wconf 75' lang='grc'><strong>(15)</strong></span> <span class='ocrx_word' id='word_1_206' title='bbox 3259 592 3660 654; x_wconf 76' lang='grc' dir='ltr'>διαϐάλλοντες.</span> <span class='ocrx_word' id='word_1_207' title='bbox 3718 593 3846 644; x_wconf 77' lang='grc' dir='ltr'>ἕλε·</span> <span class='ocrx_word' id='word_1_208' title='bbox 3899 586 3906 590; x_wconf 70' lang='grc'><em>’</em></span> 
     </span>
    </p>
   </div>
   <div class='ocr_carea' id='block_1_35' title="bbox 2231 667 3847 756">
    <p class='ocr_par' dir='ltr' id='par_1_35' title="bbox 2231 667 3847 756">
     <span class='ocr_line' id='line_1_35' title="bbox 2231 667 3847 756; baseline 0.001 -20"><span class='ocrx_word' id='word_1_209' title='bbox 2231 701 2326 751; x_wconf 87' lang='grc' dir='ltr'><strong>γον</strong></span> <span class='ocrx_word' id='word_1_210' title='bbox 2391 685 2579 752; x_wconf 74' lang='grc' dir='ltr'>μηδενὶ</span> <span class='ocrx_word' id='word_1_211' title='bbox 2628 686 2738 738; x_wconf 82' lang='grc' dir='ltr'>τῶν</span> <span class='ocrx_word' id='word_1_212' title='bbox 2794 686 2852 737; x_wconf 81' lang='grc' dir='ltr'>ἐν</span> <span class='ocrx_word' id='word_1_213' title='bbox 2906 685 3071 754; x_wconf 84' lang='grc' dir='ltr'>γάμῳ</span> <span class='ocrx_word' id='word_1_214' title='bbox 3113 667 3491 755; x_wconf 83' lang='grc' dir='ltr'>τυγχανόντων</span> <span class='ocrx_word' id='word_1_215' title='bbox 3548 687 3847 756; x_wconf 76' lang='grc' dir='ltr'>σωτηρίας</span> 
     </span>
    </p>
   </div>
   <div class='ocr_carea' id='block_1_36' title="bbox 2231 771 3900 847">
    <p class='ocr_par' dir='ltr' id='par_1_36' title="bbox 2231 771 3900 847">
     <span class='ocr_line' id='line_1_36' title="bbox 2231 771 3900 847; baseline 0 -18"><span class='ocrx_word' id='word_1_216' title='bbox 2231 777 2422 829; x_wconf 77' lang='grc' dir='ltr'>ὲλπίδα</span> <span class='ocrx_word' id='word_1_217' title='bbox 2448 773 2590 831; x_wconf 77' lang='grc' dir='ltr'>εἶναι</span> <span class='ocrx_word' id='word_1_218' title='bbox 2615 777 2764 847; x_wconf 78' lang='grc' dir='ltr'>παρὰ</span> <span class='ocrx_word' id='word_1_219' title='bbox 2791 775 2931 845; x_wconf 80' lang='grc' dir='ltr'>Θεῷ,</span> <span class='ocrx_word' id='word_1_220' title='bbox 2959 771 3049 840; x_wconf 73' lang='grc' dir='ltr'><strong>Οἷς</strong></span> <span class='ocrx_word' id='word_1_221' title='bbox 3081 777 3393 844; x_wconf 82' lang='grc' dir='ltr'><strong>πειθόμενοι</strong></span> <span class='ocrx_word' id='word_1_222' title='bbox 3426 778 3620 844; x_wconf 81' lang='grc' dir='ltr'>ἄνδρες</span> <span class='ocrx_word' id='word_1_223' title='bbox 3641 795 3699 828; x_wconf 89' lang='grc' dir='ltr'><strong>τε</strong></span> <span class='ocrx_word' id='word_1_224' title='bbox 3738 779 3846 830; x_wconf 74' lang='grc' dir='ltr'><strong>καὶ</strong></span> <span class='ocrx_word' id='word_1_225' title='bbox 3895 796 3900 799; x_wconf 94' lang='grc'>·</span> 
     </span>
    </p>
   </div>
   <div class='ocr_carea' id='block_1_37' title="bbox 2232 865 3842 936">
    <p class='ocr_par' dir='ltr' id='par_1_37' title="bbox 2232 865 3842 936">
     <span class='ocr_line' id='line_1_37' title="bbox 2232 865 3842 936; baseline 0 -16"><span class='ocrx_word' id='word_1_226' title='bbox 2232 870 2527 935; x_wconf 83' lang='grc' dir='ltr'>γυναῖκες,</span> <span class='ocrx_word' id='word_1_227' title='bbox 2561 869 2608 920; x_wconf 76' lang='lat' dir='ltr'><strong>oi</strong></span> <span class='ocrx_word' id='word_1_228' title='bbox 2674 867 2772 936; x_wconf 75' lang='grc' dir='ltr'><strong>μὲν</strong></span> <span class='ocrx_word' id='word_1_229' title='bbox 2828 869 2924 932; x_wconf 74' lang='grc' dir='ltr'>τὰς</span> <span class='ocrx_word' id='word_1_230' title='bbox 2973 868 3182 920; x_wconf 80' lang='grc' dir='ltr'>ἑαυτῶν</span> <span class='ocrx_word' id='word_1_231' title='bbox 3231 869 3494 935; x_wconf 81' lang='grc' dir='ltr'>γυναῖκας</span> <span class='ocrx_word' id='word_1_232' title='bbox 3548 865 3842 930; x_wconf 68' lang='grc' dir='ltr'>ἐξώθουν,</span> 
     </span>
    </p>
   </div>
   <div class='ocr_carea' id='block_1_38' title="bbox 2234 961 3842 1032">
    <p class='ocr_par' dir='ltr' id='par_1_38' title="bbox 2234 961 3842 1032">
     <span class='ocr_line' id='line_1_38' title="bbox 2234 961 3842 1032; baseline -0.001 -18"><span class='ocrx_word' id='word_1_233' title='bbox 2234 961 2426 1022; x_wconf 75' lang='grc' dir='ltr'>αἱ·δὲ,</span> <span class='ocrx_word' id='word_1_234' title='bbox 2466 961 2602 1032; x_wconf 73' lang='grc' dir='ltr'>τοὺς</span> <span class='ocrx_word' id='word_1_235' title='bbox 2653 961 2813 1023; x_wconf 79' lang='grc' dir='ltr'>ἰδίους</span> <span class='ocrx_word' id='word_1_236' title='bbox 2861 961 3060 1030; x_wconf 82' lang='grc' dir='ltr'>ἄνδρας</span> <span class='ocrx_word' id='word_1_237' title='bbox 3111 961 3662 1030; x_wconf 80' lang='grc' dir='ltr'>καταλιμπάνουσαι,</span> <span class='ocrx_word' id='word_1_238' title='bbox 3727 979 3842 1013; x_wconf 91' lang='grc' dir='ltr'>σω-</span> 
     </span>
    </p>
   </div>
   <div class='ocr_carea' id='block_1_39' title="bbox 2237 1049 3848 1126">
    <p class='ocr_par' dir='ltr' id='par_1_39' title="bbox 2237 1049 3848 1126">
     <span class='ocr_line' id='line_1_39' title="bbox 2237 1049 3848 1126; baseline -0.003 -18"><span class='ocrx_word' id='word_1_239' title='bbox 2237 1055 2451 1126; x_wconf 83' lang='grc' dir='ltr'>φρόνως</span> <span class='ocrx_word' id='word_1_240' title='bbox 2493 1056 2592 1122; x_wconf 62' lang='grc' dir='ltr'><strong>ζῇν</strong></span> <span class='ocrx_word' id='word_1_241' title='bbox 2643 1054 2856 1125; x_wconf 72' lang='grc' dir='ltr'>ἤθελον.</span> <span class='ocrx_word' id='word_1_242' title='bbox 2908 1049 3038 1106; x_wconf 78' lang='grc' dir='ltr'>Εἶτα</span> <span class='ocrx_word' id='word_1_243' title='bbox 3087 1055 3177 1106; x_wconf 72' lang='grc' dir='ltr'><strong>τὸν</strong></span> <span class='ocrx_word' id='word_1_244' title='bbox 3215 1052 3417 1116; x_wconf 78' lang='grc' dir='ltr'>ἄζυγον</span> <span class='ocrx_word' id='word_1_245' title='bbox 3455 1051 3568 1119; x_wconf 85' lang='grc' dir='ltr'>βίον</span> <span class='ocrx_word' id='word_1_246' title='bbox 3623 1052 3701 1122; x_wconf 87' lang='grc' dir='ltr'><strong>μὴ</strong></span> <span class='ocrx_word' id='word_1_247' title='bbox 3742 1051 3848 1120; x_wconf 68' lang='grc' dir='ltr'><strong>φέ-</strong></span> 
     </span>
    </p>
   </div>
   <div class='ocr_carea' id='block_1_40' title="bbox 2239 1144 3851 1221">
    <p class='ocr_par' dir='ltr' id='par_1_40' title="bbox 2239 1144 3851 1221">
     <span class='ocr_line' id='line_1_40' title="bbox 2239 1144 3851 1221; baseline -0.002 -20"><span class='ocrx_word' id='word_1_248' title='bbox 2239 1167 2424 1221; x_wconf 80' lang='grc' dir='ltr'>ροντες</span> <span class='ocrx_word' id='word_1_249' title='bbox 2457 1151 2534 1211; x_wconf 85' lang='grc' dir='ltr'>εἰς</span> <span class='ocrx_word' id='word_1_250' title='bbox 2563 1150 2809 1217; x_wconf 81' lang='grc' dir='ltr'>μοιχείαν</span> <span class='ocrx_word' id='word_1_251' title='bbox 2842 1147 3157 1212; x_wconf 80' lang='grc' dir='ltr'>ἐξώλισθον.</span> <span class='ocrx_word' id='word_1_252' title='bbox 3188 1146 3503 1198; x_wconf 81' lang='grc' dir='ltr'>Ἐδίδασκον</span> <span class='ocrx_word' id='word_1_253' title='bbox 3532 1146 3586 1197; x_wconf 71' lang='grc' dir='ltr'>δὲ</span> <span class='ocrx_word' id='word_1_254' title='bbox 3619 1146 3669 1196; x_wconf 73' lang='grc' dir='ltr'><strong>(οἱ</strong></span> <span class='ocrx_word' id='word_1_255' title='bbox 3704 1144 3851 1214; x_wconf 59' lang='grc' dir='ltr'><strong>περὶ⁵</strong></span> 
     </span>
    </p>
   </div>
   <div class='ocr_carea' id='block_1_41' title="bbox 2236 1238 3851 1310">
    <p class='ocr_par' dir='ltr' id='par_1_41' title="bbox 2236 1238 3851 1310">
     <span class='ocr_line' id='line_1_41' title="bbox 2236 1238 3851 1310; baseline -0.004 -14"><span class='ocrx_word' id='word_1_256' title='bbox 2236 1243 2326 1296; x_wconf 73' lang='grc' dir='ltr'>τὸν</span> <span class='ocrx_word' id='word_1_257' title='bbox 2357 1241 2655 1295; x_wconf 74' lang='grc' dir='ltr'>Εὑστάθιον</span> <span class='ocrx_word' id='word_1_258' title='bbox 2695 1241 2788 1294; x_wconf 74' lang='grc' dir='ltr'><strong>καὶ</strong></span> <span class='ocrx_word' id='word_1_259' title='bbox 2832 1240 2966 1293; x_wconf 70' lang='grc' dir='ltr'>ἄλλα</span> <span class='ocrx_word' id='word_1_260' title='bbox 3017 1240 3168 1308; x_wconf 81' lang='grc' dir='ltr'>παρᾶ</span> <span class='ocrx_word' id='word_1_261' title='bbox 3211 1238 3310 1310; x_wconf 80' lang='grc' dir='ltr'><strong>τὴν</strong></span> <span class='ocrx_word' id='word_1_262' title='bbox 3357 1239 3851 1308; x_wconf 71' lang='grc' dir='ltr'>ὲκκλησιαστικῆν</span> 
     </span>
    </p>
   </div>
   <div class='ocr_carea' id='block_1_42' title="bbox 2238 1327 3849 1406">
    <p class='ocr_par' dir='ltr' id='par_1_42' title="bbox 2238 1327 3849 1406">
     <span class='ocr_line' id='line_1_42' title="bbox 2238 1327 3849 1406; baseline -0.003 -19"><span class='ocrx_word' id='word_1_263' title='bbox 2238 1336 2538 1406; x_wconf 74' lang='grc' dir='ltr'>παράδοσιν</span> <span class='ocrx_word' id='word_1_264' title='bbox 2587 1335 2680 1387; x_wconf 80' lang='grc' dir='ltr'><strong>καὶ</strong></span> <span class='ocrx_word' id='word_1_265' title='bbox 2732 1334 3021 1404; x_wconf 77' lang='grc' dir='ltr'>συνήθειαν</span> <span class='ocrx_word' id='word_1_266' title='bbox 3043 1327 3068 1393; x_wconf 71' lang='grc'>,’</span> <span class='ocrx_word' id='word_1_267' title='bbox 3101 1334 3196 1386; x_wconf 78' lang='grc' dir='ltr'><strong>καὶ</strong></span> <span class='ocrx_word' id='word_1_268' title='bbox 3239 1334 3336 1395; x_wconf 67' lang='grc' dir='ltr'>τὰς</span> <span class='ocrx_word' id='word_1_269' title='bbox 3372 1332 3481 1384; x_wconf 82' lang='grc' dir='ltr'>τῶν</span> <span class='ocrx_word' id='word_1_270' title='bbox 3515 1331 3849 1402; x_wconf 71' lang='grc' dir='ltr'>ἐκκλησιῶν</span> 
     </span>
    </p>
   </div>
   <div class='ocr_carea' id='block_1_43' title="bbox 2239 1428 3846 1502">
    <p class='ocr_par' dir='ltr' id='par_1_43' title="bbox 2239 1428 3846 1502">
     <span class='ocr_line' id='line_1_43' title="bbox 2239 1428 3846 1502; baseline -0.003 -19"><span class='ocrx_word' id='word_1_271' title='bbox 2239 1432 2618 1502; x_wconf 73' lang='grc' dir='ltr'>καρποφορίας</span> <span class='ocrx_word' id='word_1_272' title='bbox 2663 1430 2958 1502; x_wconf 80' lang='grc' dir='ltr'>ᾠκειοῦντο</span> <span class='ocrx_word' id='word_1_273' title='bbox 2987 1445 3000 1459; x_wconf 82' lang='grc'>⁶</span> <span class='ocrx_word' id='word_1_274' title='bbox 3039 1430 3136 1482; x_wconf 71' lang='grc' dir='ltr'><strong>καὶ</strong></span> <span class='ocrx_word' id='word_1_275' title='bbox 3170 1432 3426 1497; x_wconf 82' lang='grc' dir='ltr'>γυναῖκες</span> <span class='ocrx_word' id='word_1_276' title='bbox 3463 1428 3595 1498; x_wconf 78' lang='grc' dir='ltr'>παρ’</span> <span class='ocrx_word' id='word_1_277' title='bbox 3632 1429 3846 1490; x_wconf 62' lang='grc' dir='ltr'>αὐτοὺς</span> 
     </span>
    </p>
   </div>
   <div class='ocr_carea' id='block_1_44' title="bbox 2239 1516 3848 1597">
    <p class='ocr_par' dir='ltr' id='par_1_44' title="bbox 2239 1516 3848 1597">
     <span class='ocr_line' id='line_1_44' title="bbox 2239 1516 3848 1597; baseline -0.006 -18"><span class='ocrx_word' id='word_1_278' title='bbox 2239 1525 2486 1597; x_wconf 81' lang='grc' dir='ltr'>ἁνδρῴας</span> <span class='ocrx_word' id='word_1_279' title='bbox 2518 1525 2709 1586; x_wconf 70' lang='grc' dir='ltr'>στολὰς</span> <span class='ocrx_word' id='word_1_280' title='bbox 2738 1523 3125 1593; x_wconf 79' lang='grc' dir='ltr'>ὴμφιέννυντο.</span> <span class='ocrx_word' id='word_1_281' title='bbox 3159 1522 3250 1574; x_wconf 72' lang='grc' dir='ltr'>καὶ</span> <span class='ocrx_word' id='word_1_282' title='bbox 3276 1523 3373 1589; x_wconf 86' lang='grc' dir='ltr'>τὴν</span> <span class='ocrx_word' id='word_1_283' title='bbox 3401 1516 3579 1590; x_wconf 78' lang='grc' dir='ltr'>κόμην</span> <span class='ocrx_word' id='word_1_284' title='bbox 3606 1519 3848 1578; x_wconf 78' lang='grc' dir='ltr'>ἀπέκει-</span> 
     </span>
    </p>
   </div>
   <div class='ocr_carea' id='block_1_45' title="bbox 2244 1610 3845 1688">
    <p class='ocr_par' dir='ltr' id='par_1_45' title="bbox 2244 1610 3845 1688">
     <span class='ocr_line' id='line_1_45' title="bbox 2244 1610 3845 1688; baseline -0.006 -17"><span class='ocrx_word' id='word_1_285' title='bbox 2244 1637 2335 1688; x_wconf 90' lang='grc' dir='ltr'><strong>ρον</strong></span> <span class='ocrx_word' id='word_1_286' title='bbox 2357 1637 2369 1650; x_wconf 88' lang='grc'>·</span> <span class='ocrx_word' id='word_1_287' title='bbox 2401 1615 2722 1686; x_wconf 72' lang='grc' dir='ltr'>παρεδίδουν</span> <span class='ocrx_word' id='word_1_288' title='bbox 2751 1615 2803 1665; x_wconf 77' lang='grc' dir='ltr'>δὲ</span> <span class='ocrx_word' id='word_1_289' title='bbox 2831 1615 2923 1666; x_wconf 73' lang='grc' dir='ltr'><strong>καὶ</strong></span> <span class='ocrx_word' id='word_1_290' title='bbox 2953 1613 3010 1665; x_wconf 78' lang='grc' dir='ltr'><strong>ἐν</strong></span> <span class='ocrx_word' id='word_1_291' title='bbox 3033 1615 3151 1672; x_wconf 77' lang='grc' dir='ltr'>ταῖς</span> <span class='ocrx_word' id='word_1_292' title='bbox 3179 1614 3490 1680; x_wconf 69' lang='grc' dir='ltr'>Ιζυριακαῖς</span> <span class='ocrx_word' id='word_1_293' title='bbox 3521 1610 3845 1677; x_wconf 78' lang='grc' dir='ltr'>νηστεύειν,</span> 
     </span>
    </p>
   </div>
   <div class='ocr_carea' id='block_1_46' title="bbox 2241 1706 3845 1779">
    <p class='ocr_par' dir='ltr' id='par_1_46' title="bbox 2241 1706 3845 1779">
     <span class='ocr_line' id='line_1_46' title="bbox 2241 1706 3845 1779; baseline -0.007 -14"><span class='ocrx_word' id='word_1_294' title='bbox 2241 1713 2337 1765; x_wconf 70' lang='grc' dir='ltr'><strong>καὶ</strong></span> <span class='ocrx_word' id='word_1_295' title='bbox 2370 1711 2466 1774; x_wconf 81' lang='grc' dir='ltr'>τὰς</span> <span class='ocrx_word' id='word_1_296' title='bbox 2502 1712 2568 1779; x_wconf 82' lang='grc' dir='ltr'>τῇ</span> <span class='ocrx_word' id='word_1_297' title='bbox 2608 1707 2907 1778; x_wconf 79' lang='grc' dir='ltr'>Ἐκκλησία</span> <span class='ocrx_word' id='word_1_298' title='bbox 2928 1708 3267 1774; x_wconf 82' lang='grc' dir='ltr'>τεταγμένας</span> <span class='ocrx_word' id='word_1_299' title='bbox 3295 1706 3552 1774; x_wconf 81' lang='grc' dir='ltr'>νηστείας</span> <span class='ocrx_word' id='word_1_300' title='bbox 3576 1706 3845 1775; x_wconf 78' lang='grc' dir='ltr'>ὴθέτουν,</span> 
     </span>
    </p>
   </div>
   <div class='ocr_carea' id='block_1_47' title="bbox 2242 1799 3850 1873">
    <p class='ocr_par' dir='ltr' id='par_1_47' title="bbox 2242 1799 3850 1873">
     <span class='ocr_line' id='line_1_47' title="bbox 2242 1799 3850 1873; baseline -0.006 -15"><span class='ocrx_word' id='word_1_301' title='bbox 2242 1807 2335 1858; x_wconf 72' lang='grc' dir='ltr'>καὶ</span> <span class='ocrx_word' id='word_1_302' title='bbox 2361 1803 2431 1856; x_wconf 81' lang='grc' dir='ltr'>τὰ</span> <span class='ocrx_word' id='word_1_303' title='bbox 2469 1803 2607 1871; x_wconf 82' lang='grc' dir='ltr'>κρέα</span> <span class='ocrx_word' id='word_1_304' title='bbox 2638 1800 3043 1873; x_wconf 76' lang='grc' dir='ltr'>ἐϐδελύσσοντο,</span> <span class='ocrx_word' id='word_1_305' title='bbox 3078 1799 3174 1851; x_wconf 74' lang='grc' dir='ltr'>καὶ</span> <span class='ocrx_word' id='word_1_306' title='bbox 3209 1801 3268 1852; x_wconf 82' lang='grc' dir='ltr'><strong>έν</strong></span> <span class='ocrx_word' id='word_1_307' title='bbox 3299 1799 3474 1860; x_wconf 72' lang='grc' dir='ltr'>οἴκοις</span> <span class='ocrx_word' id='word_1_308' title='bbox 3505 1799 3850 1866; x_wconf 78' lang='grc' dir='ltr'>γεγαμηκό-</span> 
     </span>
    </p>
   </div>
   <div class='ocr_carea' id='block_1_48' title="bbox 2241 1890 3851 1965">
    <p class='ocr_par' dir='ltr' id='par_1_48' title="bbox 2241 1890 3851 1965">
     <span class='ocr_line' id='line_1_48' title="bbox 2241 1890 3851 1965; baseline -0.006 -14"><span class='ocrx_word' id='word_1_309' title='bbox 2241 1917 2329 1958; x_wconf 77' lang='grc' dir='ltr'>τος</span> <span class='ocrx_word' id='word_1_310' title='bbox 2352 1895 2473 1950; x_wconf 71' lang='grc' dir='ltr'>οὔτε</span> <span class='ocrx_word' id='word_1_311' title='bbox 2497 1894 2754 1965; x_wconf 75' lang='grc' dir='ltr'>εὔχεσθαι</span> <span class='ocrx_word' id='word_1_312' title='bbox 2778 1893 3075 1962; x_wconf 70' lang='grc' dir='ltr'>ἠνείχοντο,</span> <span class='ocrx_word' id='word_1_313' title='bbox 3096 1890 3220 1944; x_wconf 73' lang='grc' dir='ltr'>οὔτε</span> <span class='ocrx_word' id='word_1_314' title='bbox 3247 1891 3718 1960; x_wconf 75' lang='grc' dir='ltr'>μεταλαμϐάνειν,</span> <span class='ocrx_word' id='word_1_315' title='bbox 3745 1892 3851 1944; x_wconf 72' lang='grc' dir='ltr'><strong>καὶ</strong></span> 
     </span>
    </p>
   </div>
   <div class='ocr_carea' id='block_1_49' title="bbox 2244 1985 3849 2062">
    <p class='ocr_par' dir='ltr' id='par_1_49' title="bbox 2244 1985 3849 2062">
     <span class='ocr_line' id='line_1_49' title="bbox 2244 1985 3849 2062; baseline -0.006 -17"><span class='ocrx_word' id='word_1_316' title='bbox 2244 1994 2410 2062; x_wconf 81' lang='grc' dir='ltr'>ἱερεῖς</span> <span class='ocrx_word' id='word_1_317' title='bbox 2448 1989 2835 2059; x_wconf 79' lang='grc' dir='ltr'>γεγαμηκότας</span> <span class='ocrx_word' id='word_1_318' title='bbox 2873 1985 3319 2055; x_wconf 75' lang='grc' dir='ltr'>ἀπεστρέφοντο,</span> <span class='ocrx_word' id='word_1_319' title='bbox 3358 1987 3454 2038; x_wconf 78' lang='grc' dir='ltr'><strong>καὶ</strong></span> <span class='ocrx_word' id='word_1_320' title='bbox 3492 1985 3604 2037; x_wconf 84' lang='grc' dir='ltr'><strong>τῶν</strong></span> <span class='ocrx_word' id='word_1_321' title='bbox 3649 1985 3849 2037; x_wconf 79' lang='grc' dir='ltr'>τόπων</span> 
     </span>
    </p>
   </div>
   <div class='ocr_carea' id='block_1_50' title="bbox 2243 2077 3853 2154">
    <p class='ocr_par' dir='ltr' id='par_1_50' title="bbox 2243 2077 3853 2154">
     <span class='ocr_line' id='line_1_50' title="bbox 2243 2077 3853 2154; baseline -0.007 -14"><span class='ocrx_word' id='word_1_322' title='bbox 2243 2091 2299 2142; x_wconf 82' lang='grc' dir='ltr'>ὲν</span> <span class='ocrx_word' id='word_1_323' title='bbox 2330 2081 2412 2149; x_wconf 76' lang='grc' dir='ltr'>οἷς</span> <span class='ocrx_word' id='word_1_324' title='bbox 2445 2083 2739 2154; x_wconf 83' lang='grc' dir='ltr'>μαρτύρων</span> <span class='ocrx_word' id='word_1_325' title='bbox 2769 2079 3062 2133; x_wconf 79' lang='grc' dir='ltr'>ἀπέκειντο</span> <span class='ocrx_word' id='word_1_326' title='bbox 3085 2078 3423 2146; x_wconf 73' lang='grc' dir='ltr'>λείψανα,ὡ;</span> <span class='ocrx_word' id='word_1_327' title='bbox 3451 2077 3672 2139; x_wconf 73' lang='grc' dir='ltr'>κοινῶν,</span> <span class='ocrx_word' id='word_1_328' title='bbox 3705 2095 3853 2130; x_wconf 82' lang='grc' dir='ltr'>κατ-</span> 
     </span>
    </p>
   </div>
   <div class='ocr_carea' id='block_1_51' title="bbox 2242 2171 3856 2252">
    <p class='ocr_par' dir='ltr' id='par_1_51' title="bbox 2242 2171 3856 2252">
     <span class='ocr_line' id='line_1_51' title="bbox 2242 2171 3856 2252; baseline -0.007 -17"><span class='ocrx_word' id='word_1_329' title='bbox 2242 2181 2526 2252; x_wconf 80' lang='grc' dir='ltr'>εφρόνουν,</span> <span class='ocrx_word' id='word_1_330' title='bbox 2553 2179 2648 2230; x_wconf 69' lang='grc' dir='ltr'><strong>καὶ</strong></span> <span class='ocrx_word' id='word_1_331' title='bbox 2673 2176 2783 2230; x_wconf 80' lang='grc' dir='ltr'><strong>τῶν</strong></span> <span class='ocrx_word' id='word_1_332' title='bbox 2835 2175 3098 2245; x_wconf 85' lang='grc' dir='ltr'>χρήματα</span> <span class='ocrx_word' id='word_1_333' title='bbox 3121 2172 3380 2240; x_wconf 81' lang='grc' dir='ltr'>ἐχόντων,</span> <span class='ocrx_word' id='word_1_334' title='bbox 3405 2173 3496 2223; x_wconf 73' lang='grc' dir='ltr'><strong>καὶ</strong></span> <span class='ocrx_word' id='word_1_335' title='bbox 3526 2171 3601 2237; x_wconf 86' lang='grc' dir='ltr'>μὴ</span> <span class='ocrx_word' id='word_1_336' title='bbox 3624 2173 3856 2240; x_wconf 75' lang='grc' dir='ltr'>ἀναχω-</span> 
     </span>
    </p>
   </div>
   <div class='ocr_carea' id='block_1_52' title="bbox 2245 2265 3854 2344">
    <p class='ocr_par' dir='ltr' id='par_1_52' title="bbox 2245 2265 3854 2344">
     <span class='ocr_line' id='line_1_52' title="bbox 2245 2265 3854 2344; baseline -0.007 -16"><span class='ocrx_word' id='word_1_337' title='bbox 2245 2276 2485 2344; x_wconf 84' lang='grc' dir='ltr'>ρούντων</span> <span class='ocrx_word' id='word_1_338' title='bbox 2507 2271 2706 2331; x_wconf 73' lang='grc' dir='ltr'>αὐτῶν,</span> <span class='ocrx_word' id='word_1_339' title='bbox 2731 2269 3158 2336; x_wconf 82' lang='grc' dir='ltr'>κατεγίνωσκον,</span> <span class='ocrx_word' id='word_1_340' title='bbox 3185 2265 3260 2327; x_wconf 83' lang='grc' dir='ltr'>ὡς</span> <span class='ocrx_word' id='word_1_341' title='bbox 3289 2265 3614 2318; x_wconf 80' lang='grc' dir='ltr'>ἀνελπίστου</span> <span class='ocrx_word' id='word_1_342' title='bbox 3650 2265 3854 2332; x_wconf 77' lang='grc' dir='ltr'>σφίσιν</span> 
     </span>
    </p>
   </div>
   <div class='ocr_carea' id='block_1_53' title="bbox 2243 2358 3845 2437">
    <p class='ocr_par' dir='ltr' id='par_1_53' title="bbox 2243 2358 3845 2437">
     <span class='ocr_line' id='line_1_53' title="bbox 2243 2358 3845 2437; baseline -0.008 -15"><span class='ocrx_word' id='word_1_343' title='bbox 2243 2368 2411 2437; x_wconf 77' lang='grc' dir='ltr'>οΰσης</span> <span class='ocrx_word' id='word_1_344' title='bbox 2450 2367 2549 2435; x_wconf 85' lang='grc' dir='ltr'><strong>τῆς</strong></span> <span class='ocrx_word' id='word_1_345' title='bbox 2595 2363 2891 2432; x_wconf 80' lang='grc' dir='ltr'>σωτηρίας,</span> <span class='ocrx_word' id='word_1_346' title='bbox 2941 2360 3037 2412; x_wconf 75' lang='grc' dir='ltr'>καὶ</span> <span class='ocrx_word' id='word_1_347' title='bbox 3071 2359 3204 2412; x_wconf 76' lang='grc' dir='ltr'>ἄλλα</span> <span class='ocrx_word' id='word_1_348' title='bbox 3246 2360 3419 2412; x_wconf 77' lang='grc' dir='ltr'>πολλὰ</span> <span class='ocrx_word' id='word_1_349' title='bbox 3470 2358 3845 2427; x_wconf 75' lang='grc' dir='ltr'>ἐδογμάτιζον</span> 
     </span>
    </p>
   </div>
   <div class='ocr_carea' id='block_1_54' title="bbox 2245 2447 3852 2521">
    <p class='ocr_par' dir='ltr' id='par_1_54' title="bbox 2245 2447 3852 2521">
     <span class='ocr_line' id='line_1_54' title="bbox 2245 2447 3852 2521; baseline -0.007 -6"><span class='ocrx_word' id='word_1_350' title='bbox 2245 2460 2340 2514; x_wconf 68' lang='grc' dir='ltr'><strong>καὶ</strong></span> <span class='ocrx_word' id='word_1_351' title='bbox 2380 2457 2682 2510; x_wconf 76' lang='grc' dir='ltr'>ἐδίδασκον.</span> <span class='ocrx_word' id='word_1_352' title='bbox 2712 2454 2870 2506; x_wconf 70' lang='grc' dir='ltr'>Κατὰ</span> <span class='ocrx_word' id='word_1_353' title='bbox 2906 2451 3111 2505; x_wconf 81' lang='grc' dir='ltr'>τούτων</span> <span class='ocrx_word' id='word_1_354' title='bbox 3147 2447 3241 2504; x_wconf 82' lang='grc' dir='ltr'>οὖν</span> <span class='ocrx_word' id='word_1_355' title='bbox 3277 2451 3415 2521; x_wconf 78' lang='grc' dir='ltr'>ἱεροὶ</span> <span class='ocrx_word' id='word_1_356' title='bbox 3449 2451 3852 2521; x_wconf 76' lang='grc' dir='ltr'>ἀθροισθέντες</span> 
     </span>
    </p>
   </div>
   <div class='ocr_carea' id='block_1_55' title="bbox 2247 2545 3845 2620">
    <p class='ocr_par' dir='ltr' id='par_1_55' title="bbox 2247 2545 3845 2620">
     <span class='ocr_line' id='line_1_55' title="bbox 2247 2545 3845 2620; baseline -0.004 -14"><span class='ocrx_word' id='word_1_357' title='bbox 2247 2551 2489 2620; x_wconf 85' lang='grc' dir='ltr'>Πατέρες</span> <span class='ocrx_word' id='word_1_358' title='bbox 2507 2547 2753 2613; x_wconf 73' lang='grc' dir='ltr'>ἐξέθεντο</span> <span class='ocrx_word' id='word_1_359' title='bbox 2775 2546 2902 2608; x_wconf 78' lang='grc' dir='ltr'>τοὺς</span> <span class='ocrx_word' id='word_1_360' title='bbox 2926 2545 3400 2612; x_wconf 77' lang='grc' dir='ltr'>ὑποτεταγμένους</span> <span class='ocrx_word' id='word_1_361' title='bbox 3424 2548 3660 2607; x_wconf 75' lang='grc' dir='ltr'>κανόνας</span> <span class='ocrx_word' id='word_1_362' title='bbox 3685 2545 3807 2612; x_wconf 74' lang='grc'><strong>(14)</strong></span> <span class='ocrx_word' id='word_1_363' title='bbox 3832 2559 3845 2572; x_wconf 94' lang='grc'><strong>·</strong></span> 
     </span>
    </p>
   </div>
   <div class='ocr_carea' id='block_1_56' title="bbox 2240 2637 3848 2718">
    <p class='ocr_par' dir='ltr' id='par_1_56' title="bbox 2240 2637 3848 2718">
     <span class='ocr_line' id='line_1_56' title="bbox 2240 2637 3848 2718; baseline -0.011 -19"><span class='ocrx_word' id='word_1_364' title='bbox 2240 2647 2324 2718; x_wconf 81' lang='grc' dir='ltr'><strong>διὸ</strong></span> <span class='ocrx_word' id='word_1_365' title='bbox 2357 2645 2452 2698; x_wconf 74' lang='grc' dir='ltr'><strong>καὶ</strong></span> <span class='ocrx_word' id='word_1_366' title='bbox 2476 2644 2565 2710; x_wconf 81' lang='grc' dir='ltr'><strong>ἐφ’</strong></span> <span class='ocrx_word' id='word_1_367' title='bbox 2602 2640 2819 2708; x_wconf 81' lang='grc' dir='ltr'>ἑκάστῳ</span> <span class='ocrx_word' id='word_1_368' title='bbox 2853 2637 3040 2691; x_wconf 82' lang='grc' dir='ltr'>κανόνι</span> <span class='ocrx_word' id='word_1_369' title='bbox 3074 2638 3137 2690; x_wconf 79' lang='grc' dir='ltr'><strong>τὸ</strong></span> <span class='ocrx_word' id='word_1_370' title='bbox 3175 2637 3424 2706; x_wconf 77' lang='grc' dir='ltr'>ἀνάθεμα</span> <span class='ocrx_word' id='word_1_371' title='bbox 3472 2639 3848 2708; x_wconf 75' lang='grc' dir='ltr'>προσετίθουν</span> 
     </span>
    </p>
   </div>
   <div class='ocr_carea' id='block_1_57' title="bbox 2246 2719 3851 2804">
    <p class='ocr_par' dir='ltr' id='par_1_57' title="bbox 2246 2719 3851 2804">
     <span class='ocr_line' id='line_1_57' title="bbox 2246 2719 3851 2804; baseline -0.004 -15"><span class='ocrx_word' id='word_1_372' title='bbox 2246 2741 2328 2800; x_wconf 85' lang='grc' dir='ltr'>εἰς</span> <span class='ocrx_word' id='word_1_373' title='bbox 2359 2733 2675 2804; x_wconf 85' lang='grc' dir='ltr'>ἀνατροπὴν</span> <span class='ocrx_word' id='word_1_374' title='bbox 2701 2735 2799 2802; x_wconf 84' lang='grc' dir='ltr'>τῆς</span> <span class='ocrx_word' id='word_1_375' title='bbox 2823 2719 3111 2800; x_wconf 81' lang='grc' dir='ltr'>αἱρέσεως,</span> <span class='ocrx_word' id='word_1_376' title='bbox 3143 2731 3556 2793; x_wconf 80' lang='grc' dir='ltr'>ἐκδιδάσκοντες</span> <span class='ocrx_word' id='word_1_377' title='bbox 3590 2731 3668 2792; x_wconf 83' lang='grc' dir='ltr'>ὡς</span> <span class='ocrx_word' id='word_1_378' title='bbox 3698 2730 3851 2783; x_wconf 75' lang='grc' dir='ltr'>οὕτω</span> 
     </span>
    </p>
   </div>
   <div class='ocr_carea' id='block_1_58' title="bbox 2246 2823 3843 2896">
    <p class='ocr_par' dir='ltr' id='par_1_58' title="bbox 2246 2823 3843 2896">
     <span class='ocr_line' id='line_1_58' title="bbox 2246 2823 3843 2896; baseline -0.006 -12"><span class='ocrx_word' id='word_1_379' title='bbox 2246 2833 2327 2885; x_wconf 83' lang='grc' dir='ltr'><strong>δεῖ</strong></span> <span class='ocrx_word' id='word_1_380' title='bbox 2375 2831 2500 2891; x_wconf 79' lang='grc' dir='ltr'>τοὺς</span> <span class='ocrx_word' id='word_1_381' title='bbox 2551 2827 2679 2896; x_wconf 74' lang='grc' dir='ltr'>περὶ</span> <span class='ocrx_word' id='word_1_382' title='bbox 2725 2826 2813 2878; x_wconf 84' lang='grc' dir='ltr'><strong>τὸν</strong></span> <span class='ocrx_word' id='word_1_383' title='bbox 2875 2823 3172 2876; x_wconf 80' lang='grc' dir='ltr'>Εὑστάθιον</span> <span class='ocrx_word' id='word_1_384' title='bbox 3228 2824 3711 2894; x_wconf 80' lang='grc' dir='ltr'>προσερχομένους</span> <span class='ocrx_word' id='word_1_385' title='bbox 3772 2828 3843 2894; x_wconf 79' lang='grc' dir='ltr'>τῇ</span> 
     </span>
    </p>
   </div>
   <div class='ocr_carea' id='block_1_59' title="bbox 2262 2914 3851 2994">
    <p class='ocr_par' dir='ltr' id='par_1_59' title="bbox 2262 2914 3851 2994">
     <span class='ocr_line' id='line_1_59' title="bbox 2262 2914 3851 2994; baseline -0.003 -20"><span class='ocrx_word' id='word_1_386' title='bbox 2262 2921 2564 2994; x_wconf 75' lang='grc' dir='ltr'>Ἐκκλησία</span> <span class='ocrx_word' id='word_1_387' title='bbox 2592 2919 2828 2988; x_wconf 78' lang='grc' dir='ltr'>ἑκάστην</span> <span class='ocrx_word' id='word_1_388' title='bbox 2885 2916 2991 2969; x_wconf 74' lang='grc' dir='ltr'>τῶν</span> <span class='ocrx_word' id='word_1_389' title='bbox 3052 2914 3269 2968; x_wconf 83' lang='grc' dir='ltr'>οἰκείων</span> <span class='ocrx_word' id='word_1_390' title='bbox 3303 2915 3497 2980; x_wconf 71' lang='grc' dir='ltr'><strong>⁸δοξῶν</strong></span> <span class='ocrx_word' id='word_1_391' title='bbox 3558 2915 3851 2984; x_wconf 80' lang='grc' dir='ltr'>ἀναθεμα-</span> 
     </span>
    </p>
   </div>
   <div class='ocr_carea' id='block_1_60' title="bbox 2247 3015 2440 3081">
    <p class='ocr_par' dir='ltr' id='par_1_60' title="bbox 2247 3015 2440 3081">
     <span class='ocr_line' id='line_1_60' title="bbox 2247 3015 2440 3081; baseline 0.005 -12"><span class='ocrx_word' id='word_1_392' title='bbox 2247 3015 2440 3081; x_wconf 80' lang='grc' dir='ltr'>τίζειν.</span> 
     </span>
    </p>
   </div>
   <div class='ocr_carea' id='block_1_61' title="bbox 631 3167 2145 3251">
    <p class='ocr_par' dir='ltr' id='par_1_61' title="bbox 631 3178 2145 3251">
     <span class='ocr_line' id='line_1_61' title="bbox 631 3178 2145 3251; baseline 0.003 -19"><span class='ocrx_word' id='word_1_393' title='bbox 631 3178 827 3233; x_wconf 89' lang='lat' dir='ltr'><strong>BALS.</strong></span> <span class='ocrx_word' id='word_1_394' title='bbox 881 3180 960 3234; x_wconf 80' lang='lat' dir='ltr'><strong>Ac</strong></span> <span class='ocrx_word' id='word_1_395' title='bbox 1009 3195 1248 3249; x_wconf 64' lang='lat' dir='ltr'><strong>praesens</strong></span> <span class='ocrx_word' id='word_1_396' title='bbox 1291 3181 1519 3249; x_wconf 81' lang='lat' dir='ltr'><strong>quidem</strong></span> <span class='ocrx_word' id='word_1_397' title='bbox 1570 3183 1814 3251; x_wconf 87' lang='lat' dir='ltr'><strong>synodus</strong></span> <span class='ocrx_word' id='word_1_398' title='bbox 1861 3183 2145 3237; x_wconf 89' lang='lat' dir='ltr'><strong>occasione</strong></span> 
     </span>
    </p>
   </div>
   <div class='ocr_carea' id='block_1_62' title="bbox 2249 3167 3856 3251">
    <p class='ocr_par' dir='ltr' id='par_1_62' title="bbox 2326 3167 3856 3243">
     <span class='ocr_line' id='line_1_62' title="bbox 2326 3167 3856 3243; baseline -0.005 -13"><span class='ocrx_word' id='word_1_399' title='bbox 2326 3176 2522 3229; x_wconf 79' lang='grc' dir='ltr'><strong>ΒΑΛΣ.</strong></span> <span class='ocrx_word' id='word_1_400' title='bbox 2552 3173 2718 3243; x_wconf 73' lang='grc' dir='ltr'><strong>Καὶή</strong></span> <span class='ocrx_word' id='word_1_401' title='bbox 2749 3172 2847 3241; x_wconf 84' lang='grc' dir='ltr'>μὲν</span> <span class='ocrx_word' id='word_1_402' title='bbox 2878 3167 3129 3239; x_wconf 78' lang='grc' dir='ltr'>παροῦσα</span> <span class='ocrx_word' id='word_1_403' title='bbox 3169 3167 3388 3231; x_wconf 80' lang='grc' dir='ltr'>σύνοδος</span> <span class='ocrx_word' id='word_1_404' title='bbox 3426 3169 3705 3239; x_wconf 76' lang='grc' dir='ltr'>προφάσει</span> <span class='ocrx_word' id='word_1_405' title='bbox 3735 3171 3856 3222; x_wconf 81' lang='grc' dir='ltr'>τῶν</span> 
     </span>
    </p>
   </div>
   <div class='ocr_carea' id='block_1_63' title="bbox 561 3271 2149 3340">
    <p class='ocr_par' dir='ltr' id='par_1_63' title="bbox 561 3271 2149 3340">
     <span class='ocr_line' id='line_1_63' title="bbox 561 3271 2149 3340; baseline 0.001 -15"><span class='ocrx_word' id='word_1_406' title='bbox 561 3271 856 3339; x_wconf 80' lang='lat' dir='ltr'><strong>malorum,</strong></span> <span class='ocrx_word' id='word_1_407' title='bbox 905 3287 1026 3340; x_wconf 74' lang='lat' dir='ltr'><strong>qua:</strong></span> <span class='ocrx_word' id='word_1_408' title='bbox 1072 3271 1274 3326; x_wconf 77' lang='lat' dir='ltr'><strong>fiebant</strong></span> <span class='ocrx_word' id='word_1_409' title='bbox 1315 3275 1382 3327; x_wconf 90' lang='lat' dir='ltr'><strong>ab</strong></span> <span class='ocrx_word' id='word_1_410' title='bbox 1426 3273 1734 3334; x_wconf 83' lang='lat' dir='ltr'><strong>Eustatliio,</strong></span> <span class='ocrx_word' id='word_1_411' title='bbox 1780 3272 2046 3328; x_wconf 87' lang='lat' dir='ltr'><strong>adversus</strong></span> <span class='ocrx_word' id='word_1_412' title='bbox 2089 3289 2149 3328; x_wconf 86' lang='lat' dir='ltr'><strong>ea</strong></span> 
     </span>
    </p>
   </div>
   <div class='ocr_carea' id='block_1_64' title="bbox 563 3363 2149 3437">
    <p class='ocr_par' dir='ltr' id='par_1_64' title="bbox 563 3363 2149 3437">
     <span class='ocr_line' id='line_1_64' title="bbox 563 3363 2149 3437; baseline -0.001 -17"><span class='ocrx_word' id='word_1_413' title='bbox 563 3381 685 3437; x_wconf 69' lang='lat' dir='ltr'><strong>qua:</strong></span> <span class='ocrx_word' id='word_1_414' title='bbox 717 3374 864 3419; x_wconf 86' lang='lat' dir='ltr'><strong>recte</strong></span> <span class='ocrx_word' id='word_1_415' title='bbox 896 3363 1114 3419; x_wconf 88' lang='lat' dir='ltr'><strong>decreta</strong></span> <span class='ocrx_word' id='word_1_416' title='bbox 1148 3373 1278 3420; x_wconf 93' lang='lat' dir='ltr'><strong>sunt</strong></span> <span class='ocrx_word' id='word_1_417' title='bbox 1301 3367 1368 3418; x_wconf 88' lang='lat' dir='ltr'><strong>ab</strong></span> <span class='ocrx_word' id='word_1_418' title='bbox 1395 3365 1690 3419; x_wconf 87' lang='lat' dir='ltr'><strong>universali</strong></span> <span class='ocrx_word' id='word_1_419' title='bbox 1736 3363 2001 3429; x_wconf 81' lang='lat' dir='ltr'><strong>Ecclesia,</strong></span> <span class='ocrx_word' id='word_1_420' title='bbox 2037 3376 2149 3421; x_wconf 78' lang='lat' dir='ltr'><strong>sta-</strong></span> 
     </span>
    </p>
   </div>
   <div class='ocr_carea' id='block_1_65' title="bbox 560 3456 2144 3526">
    <p class='ocr_par' dir='ltr' id='par_1_65' title="bbox 560 3456 2144 3526">
     <span class='ocr_line' id='line_1_65' title="bbox 560 3456 2144 3526; baseline -0.001 -15"><span class='ocrx_word' id='word_1_421' title='bbox 560 3458 710 3520; x_wconf 87' lang='lat' dir='ltr'><strong>tuit,</strong></span> <span class='ocrx_word' id='word_1_422' title='bbox 761 3466 822 3510; x_wconf 90' lang='lat' dir='ltr'><strong>ut</strong></span> <span class='ocrx_word' id='word_1_423' title='bbox 868 3457 905 3510; x_wconf 90' lang='lat' dir='ltr'><strong>ii</strong></span> <span class='ocrx_word' id='word_1_424' title='bbox 948 3456 1520 3521; x_wconf 84' lang='lat' dir='ltr'><strong>anatlicmalizentur,</strong></span> <span class='ocrx_word' id='word_1_425' title='bbox 1581 3458 1672 3525; x_wconf 88' lang='lat' dir='ltr'><strong>qui</strong></span> <span class='ocrx_word' id='word_1_426' title='bbox 1726 3464 1854 3511; x_wconf 86' lang='lat' dir='ltr'><strong>sunt</strong></span> <span class='ocrx_word' id='word_1_427' title='bbox 1899 3457 2144 3526; x_wconf 77' lang='lat' dir='ltr'><strong>ejusdem</strong></span> 
     </span>
    </p>
   </div>
   <div class='ocr_carea' id='block_1_66' title="bbox 562 3549 2204 3629">
    <p class='ocr_par' dir='ltr' id='par_1_66' title="bbox 562 3549 2204 3629">
     <span class='ocr_line' id='line_1_66' title="bbox 562 3549 2204 3629; baseline -0.001 -22"><span class='ocrx_word' id='word_1_428' title='bbox 562 3565 687 3607; x_wconf 92' lang='lat' dir='ltr'><strong>cum</strong></span> <span class='ocrx_word' id='word_1_429' title='bbox 717 3549 811 3606; x_wconf 90' lang='lat' dir='ltr'><strong>illo</strong></span> <span class='ocrx_word' id='word_1_430' title='bbox 850 3551 1160 3605; x_wconf 63' lang='lat' dir='ltr'><strong>sententiae.</strong></span> <span class='ocrx_word' id='word_1_431' title='bbox 1237 3550 1438 3604; x_wconf 83' lang='lat' dir='ltr'><strong>Sancta</strong></span> <span class='ocrx_word' id='word_1_432' title='bbox 1471 3560 1651 3604; x_wconf 84' lang='lat' dir='ltr'><strong>autem</strong></span> <span class='ocrx_word' id='word_1_433' title='bbox 1681 3549 2142 3606; x_wconf 72' lang='lat' dir='ltr'><strong>Chalcedonensis</strong></span> <span class='ocrx_word' id='word_1_434' title='bbox 2197 3625 2204 3629; x_wconf 87' lang='lat'>_</span> 
     </span>
    </p>
   </div>
   <div class='ocr_carea' id='block_1_67' title="bbox 563 3643 2143 3715">
    <p class='ocr_par' dir='ltr' id='par_1_67' title="bbox 563 3643 2143 3715">
     <span class='ocr_line' id='line_1_67' title="bbox 563 3643 2143 3715; baseline -0.001 -16"><span class='ocrx_word' id='word_1_435' title='bbox 563 3643 810 3715; x_wconf 84' lang='lat' dir='ltr'><strong>synodus</strong></span> <span class='ocrx_word' id='word_1_436' title='bbox 857 3643 910 3697; x_wconf 90' lang='lat' dir='ltr'><strong>in</strong></span> <span class='ocrx_word' id='word_1_437' title='bbox 955 3644 1200 3698; x_wconf 87' lang='lat' dir='ltr'><strong>secundo</strong></span> <span class='ocrx_word' id='word_1_438' title='bbox 1249 3652 1300 3696; x_wconf 90' lang='lat' dir='ltr'><strong>et</strong></span> <span class='ocrx_word' id='word_1_439' title='bbox 1350 3643 1583 3713; x_wconf 82' lang='lat' dir='ltr'><strong>septimo</strong></span> <span class='ocrx_word' id='word_1_440' title='bbox 1636 3658 1849 3699; x_wconf 72' lang='lat' dir='ltr'><strong>eanone</strong></span> <span class='ocrx_word' id='word_1_441' title='bbox 1879 3685 1893 3709; x_wconf 97' lang='lat'><strong>,</strong></span> <span class='ocrx_word' id='word_1_442' title='bbox 1951 3647 2143 3699; x_wconf 88' lang='lat' dir='ltr'><strong>statuit</strong></span> 
     </span>
    </p>
   </div>
   <div class='ocr_carea' id='block_1_68' title="bbox 567 3735 2146 3806">
    <p class='ocr_par' dir='ltr' id='par_1_68' title="bbox 567 3735 2146 3806">
     <span class='ocr_line' id='line_1_68' title="bbox 567 3735 2146 3806; baseline 0 -16"><span class='ocrx_word' id='word_1_443' title='bbox 567 3737 739 3792; x_wconf 90' lang='lat' dir='ltr'><strong>laicos</strong></span> <span class='ocrx_word' id='word_1_444' title='bbox 783 3735 1351 3803; x_wconf 55' lang='lat' dir='ltr'><strong>anathematizandos,</strong></span> <span class='ocrx_word' id='word_1_445' title='bbox 1403 3735 1516 3804; x_wconf 89' lang='lat' dir='ltr'><strong>qui,</strong></span> <span class='ocrx_word' id='word_1_446' title='bbox 1579 3747 1636 3789; x_wconf 89' lang='lat' dir='ltr'><strong>ut</strong></span> <span class='ocrx_word' id='word_1_447' title='bbox 1683 3735 1849 3806; x_wconf 86' lang='lat' dir='ltr'><strong>aliqui</strong></span> <span class='ocrx_word' id='word_1_448' title='bbox 1897 3737 2146 3805; x_wconf 89' lang='lat' dir='ltr'><strong>pecuniis</strong></span> 
     </span>
    </p>
   </div>
   <div class='ocr_carea' id='block_1_69' title="bbox 565 3827 2146 3894">
    <p class='ocr_par' dir='ltr' id='par_1_69' title="bbox 565 3827 2146 3894">
     <span class='ocr_line' id='line_1_69' title="bbox 565 3827 2146 3894; baseline -0.004 -10"><span class='ocrx_word' id='word_1_449' title='bbox 565 3829 912 3894; x_wconf 88' lang='lat' dir='ltr'><strong>ordinentur,</strong></span> <span class='ocrx_word' id='word_1_450' title='bbox 972 3827 1360 3884; x_wconf 89' lang='lat' dir='ltr'><strong>intercedunt:</strong></span> <span class='ocrx_word' id='word_1_451' title='bbox 1429 3828 1684 3882; x_wconf 87' lang='lat' dir='ltr'><strong>similiter</strong></span> <span class='ocrx_word' id='word_1_452' title='bbox 1739 3831 2042 3882; x_wconf 87' lang='lat' dir='ltr'><strong>monachos</strong></span> <span class='ocrx_word' id='word_1_453' title='bbox 2092 3837 2146 3881; x_wconf 90' lang='lat' dir='ltr'><strong>et</strong></span> 
     </span>
    </p>
   </div>
   <div class='ocr_carea' id='block_1_70' title="bbox 566 3919 2142 3992">
    <p class='ocr_par' dir='ltr' id='par_1_70' title="bbox 566 3919 2142 3992">
     <span class='ocr_line' id='line_1_70' title="bbox 566 3919 2142 3992; baseline -0.001 -18"><span class='ocrx_word' id='word_1_454' title='bbox 566 3921 797 3977; x_wconf 87' lang='lat' dir='ltr'><strong>clericos</strong></span> <span class='ocrx_word' id='word_1_455' title='bbox 829 3921 923 3992; x_wconf 90' lang='lat' dir='ltr'><strong>qui</strong></span> <span class='ocrx_word' id='word_1_456' title='bbox 955 3919 1215 3985; x_wconf 85' lang='lat' dir='ltr'><strong>militant,</strong></span> <span class='ocrx_word' id='word_1_457' title='bbox 1275 3929 1330 3974; x_wconf 83' lang='lat' dir='ltr'><strong>et</strong></span> <span class='ocrx_word' id='word_1_458' title='bbox 1377 3936 1485 3975; x_wconf 91' lang='lat' dir='ltr'><strong>non</strong></span> <span class='ocrx_word' id='word_1_459' title='bbox 1533 3929 1701 3990; x_wconf 82' lang='lat' dir='ltr'><strong>agunt</strong></span> <span class='ocrx_word' id='word_1_460' title='bbox 1746 3920 2142 3987; x_wconf 62' lang='lat' dir='ltr'><strong>paenitentiam.</strong></span> 
     </span>
    </p>
   </div>
   <div class='ocr_carea' id='block_1_71' title="bbox 567 3991 2144 4086">
    <p class='ocr_par' dir='ltr' id='par_1_71' title="bbox 567 3991 2144 4086">
     <span class='ocr_line' id='line_1_71' title="bbox 567 3991 2144 4086; baseline -0.003 -18"><span class='ocrx_word' id='word_1_461' title='bbox 567 3991 777 4086; x_wconf 77' lang='lat' dir='ltr'><strong>Lingua</strong></span> <span class='ocrx_word' id='word_1_462' title='bbox 828 4023 1012 4070; x_wconf 89' lang='lat' dir='ltr'><strong>autem</strong></span> <span class='ocrx_word' id='word_1_463' title='bbox 1067 4029 1288 4078; x_wconf 80' lang='lat' dir='ltr'><strong>aureus,</strong></span> <span class='ocrx_word' id='word_1_464' title='bbox 1341 4024 1392 4069; x_wconf 91' lang='lat' dir='ltr'><strong>et</strong></span> <span class='ocrx_word' id='word_1_465' title='bbox 1445 4013 1594 4069; x_wconf 90' lang='lat' dir='ltr'><strong>orbis</strong></span> <span class='ocrx_word' id='word_1_466' title='bbox 1627 4024 1895 4070; x_wconf 90' lang='lat' dir='ltr'><strong>terrarum</strong></span> <span class='ocrx_word' id='word_1_467' title='bbox 1927 4012 2144 4079; x_wconf 85' lang='lat' dir='ltr'><strong>doctor,</strong></span> 
     </span>
    </p>
   </div>
   <div class='ocr_carea' id='block_1_72' title="bbox 2259 3261 3853 3338">
    <p class='ocr_par' dir='ltr' id='par_1_72' title="bbox 2259 3261 3853 3338">
     <span class='ocr_line' id='line_1_72' title="bbox 2259 3261 3853 3338; baseline -0.008 -16"><span class='ocrx_word' id='word_1_468' title='bbox 2259 3269 2598 3338; x_wconf 82' lang='grc' dir='ltr'>γιγνομὲνων</span> <span class='ocrx_word' id='word_1_469' title='bbox 2633 3265 2783 3332; x_wconf 86' lang='grc' dir='ltr'><strong>παρὰ</strong></span> <span class='ocrx_word' id='word_1_470' title='bbox 2815 3263 2908 3316; x_wconf 84' lang='grc' dir='ltr'>τοῦ</span> <span class='ocrx_word' id='word_1_471' title='bbox 2943 3262 3244 3316; x_wconf 64' lang='lat' dir='ltr'><strong>comem</strong></span> <span class='ocrx_word' id='word_1_472' title='bbox 3281 3261 3465 3315; x_wconf 84' lang='grc' dir='ltr'>κακῶν</span> <span class='ocrx_word' id='word_1_473' title='bbox 3499 3262 3853 3324; x_wconf 80' lang='grc' dir='ltr'>ὑπεναντίως</span> 
     </span>
    </p>
   </div>
   <div class='ocr_carea' id='block_1_73' title="bbox 2255 3355 3854 3429">
    <p class='ocr_par' dir='ltr' id='par_1_73' title="bbox 2255 3355 3854 3429">
     <span class='ocr_line' id='line_1_73' title="bbox 2255 3355 3854 3429; baseline -0.006 -13"><span class='ocrx_word' id='word_1_474' title='bbox 2255 3365 2367 3423; x_wconf 82' lang='grc' dir='ltr'>τοῖς</span> <span class='ocrx_word' id='word_1_475' title='bbox 2392 3359 2840 3429; x_wconf 74' lang='grc' dir='ltr'>δογματισθεῖσιν</span> <span class='ocrx_word' id='word_1_476' title='bbox 2876 3355 3055 3426; x_wconf 83' lang='grc' dir='ltr'>ὀρθῶς</span> <span class='ocrx_word' id='word_1_477' title='bbox 3080 3356 3231 3425; x_wconf 82' lang='grc' dir='ltr'>παρὰ</span> <span class='ocrx_word' id='word_1_478' title='bbox 3254 3355 3353 3422; x_wconf 82' lang='grc' dir='ltr'>τῆς</span> <span class='ocrx_word' id='word_1_479' title='bbox 3377 3355 3679 3423; x_wconf 74' lang='grc' dir='ltr'>καθολικῆς</span> <span class='ocrx_word' id='word_1_480' title='bbox 3721 3355 3854 3407; x_wconf 74' lang='grc' dir='ltr'><strong>Ἐκο</strong></span> 
     </span>
    </p>
   </div>
   <div class='ocr_carea' id='block_1_74' title="bbox 2255 3446 3846 3523">
    <p class='ocr_par' dir='ltr' id='par_1_74' title="bbox 2255 3446 3846 3523">
     <span class='ocr_line' id='line_1_74' title="bbox 2255 3446 3846 3523; baseline -0.004 -17"><span class='ocrx_word' id='word_1_481' title='bbox 2255 3452 2486 3523; x_wconf 73' lang='grc' dir='ltr'>κλησίας</span> <span class='ocrx_word' id='word_1_482' title='bbox 2511 3448 3006 3518; x_wconf 77' lang='grc' dir='ltr'>ἁναθεματίζεσθαι</span> <span class='ocrx_word' id='word_1_483' title='bbox 3032 3447 3160 3506; x_wconf 69' lang='grc' dir='ltr'>τοὺς</span> <span class='ocrx_word' id='word_1_484' title='bbox 3207 3447 3517 3519; x_wconf 74' lang='grc' dir='ltr'>ὁμόφρονας</span> <span class='ocrx_word' id='word_1_485' title='bbox 3543 3447 3750 3517; x_wconf 72' lang='grc' dir='ltr'>ἐκείνῳ</span> <span class='ocrx_word' id='word_1_486' title='bbox 3770 3446 3846 3499; x_wconf 84' lang='grc' dir='ltr'>δι-</span> 
     </span>
    </p>
   </div>
   <div class='ocr_carea' id='block_1_75' title="bbox 2249 3538 3851 3620">
    <p class='ocr_par' dir='ltr' id='par_1_75' title="bbox 2249 3538 3851 3620">
     <span class='ocr_line' id='line_1_75' title="bbox 2249 3538 3851 3620; baseline -0.012 -18"><span class='ocrx_word' id='word_1_487' title='bbox 2249 3548 2526 3620; x_wconf 75' lang='grc' dir='ltr'>ορίζεταιο</span> <span class='ocrx_word' id='word_1_488' title='bbox 2555 3548 2587 3614; x_wconf 81' lang='grc' dir='ltr'>ἡ</span> <span class='ocrx_word' id='word_1_489' title='bbox 2612 3543 2666 3596; x_wconf 80' lang='grc' dir='ltr'>δὲ</span> <span class='ocrx_word' id='word_1_490' title='bbox 2695 3545 2752 3594; x_wconf 82' lang='grc' dir='ltr'><strong>ὲν</strong></span> <span class='ocrx_word' id='word_1_491' title='bbox 2776 3539 3077 3610; x_wconf 86' lang='grc' dir='ltr'>Χαλκηδόνι</span> <span class='ocrx_word' id='word_1_492' title='bbox 3103 3539 3234 3606; x_wconf 68' lang='grc' dir='ltr'>ἁγίπι</span> <span class='ocrx_word' id='word_1_493' title='bbox 3267 3538 3483 3600; x_wconf 83' lang='grc' dir='ltr'>σύνοδος</span> <span class='ocrx_word' id='word_1_494' title='bbox 3514 3539 3568 3590; x_wconf 80' lang='grc' dir='ltr'><strong>ἐν</strong></span> <span class='ocrx_word' id='word_1_495' title='bbox 3588 3538 3633 3607; x_wconf 78' lang='grc' dir='ltr'><strong>β’</strong></span> <span class='ocrx_word' id='word_1_496' title='bbox 3660 3542 3768 3594; x_wconf 69' lang='grc' dir='ltr'><strong>καὶ</strong></span> <span class='ocrx_word' id='word_1_497' title='bbox 3805 3543 3851 3604; x_wconf 75' lang='grc' dir='ltr'><strong>ζ’</strong></span> 
     </span>
    </p>
   </div>
   <div class='ocr_carea' id='block_1_76' title="bbox 2251 3630 3859 3705">
    <p class='ocr_par' dir='ltr' id='par_1_76' title="bbox 2251 3630 3859 3705">
     <span class='ocr_line' id='line_1_76' title="bbox 2251 3630 3859 3705; baseline -0.004 -12"><span class='ocrx_word' id='word_1_498' title='bbox 2251 3640 2436 3693; x_wconf 83' lang='grc' dir='ltr'>κανόνι</span> <span class='ocrx_word' id='word_1_499' title='bbox 2463 3632 2957 3704; x_wconf 80' lang='grc' dir='ltr'>άναθεματίζεσθαι</span> <span class='ocrx_word' id='word_1_500' title='bbox 2976 3630 3418 3705; x_wconf 12' lang='grc' dir='ltr'>διορίζεταιξτοῦς</span> <span class='ocrx_word' id='word_1_501' title='bbox 3448 3632 3859 3700; x_wconf 81' lang='grc' dir='ltr'>μεσιτεύοντας-</span> 
     </span>
    </p>
   </div>
   <div class='ocr_carea' id='block_1_77' title="bbox 2252 3721 3852 3796">
    <p class='ocr_par' dir='ltr' id='par_1_77' title="bbox 2252 3721 3852 3796">
     <span class='ocr_line' id='line_1_77' title="bbox 2252 3721 3852 3796; baseline -0.003 -12"><span class='ocrx_word' id='word_1_502' title='bbox 2252 3731 2477 3790; x_wconf 84' lang='grc' dir='ltr'>λαῖκοὺς</span> <span class='ocrx_word' id='word_1_503' title='bbox 2505 3729 2599 3781; x_wconf 72' lang='grc' dir='ltr'>ἐπὶ</span> <span class='ocrx_word' id='word_1_504' title='bbox 2623 3727 2873 3796; x_wconf 82' lang='grc' dir='ltr'>χρήμασι</span> <span class='ocrx_word' id='word_1_505' title='bbox 2900 3721 3331 3794; x_wconf 83' lang='grc' dir='ltr'>χειροτονεῖσθαί</span> <span class='ocrx_word' id='word_1_506' title='bbox 3354 3741 3507 3786; x_wconf 87' lang='grc' dir='ltr'>τινας</span> <span class='ocrx_word' id='word_1_507' title='bbox 3527 3740 3542 3754; x_wconf 86' lang='grc'><strong>·</strong></span> <span class='ocrx_word' id='word_1_508' title='bbox 3575 3724 3852 3790; x_wconf 76' lang='grc' dir='ltr'>ὡσαύτως</span> 
     </span>
    </p>
   </div>
   <div class='ocr_carea' id='block_1_78' title="bbox 2253 3816 3845 3904">
    <p class='ocr_par' dir='ltr' id='par_1_78' title="bbox 2253 3816 3845 3904">
     <span class='ocr_line' id='line_1_78' title="bbox 2253 3816 3845 3904; baseline -0.004 -26"><span class='ocrx_word' id='word_1_509' title='bbox 2253 3829 2348 3879; x_wconf 83' lang='grc' dir='ltr'>καί</span> <span class='ocrx_word' id='word_1_510' title='bbox 2374 3826 2499 3887; x_wconf 78' lang='grc' dir='ltr'>τοὺς</span> <span class='ocrx_word' id='word_1_511' title='bbox 2532 3822 2798 3894; x_wconf 78' lang='grc' dir='ltr'>μοναχοὺς</span> <span class='ocrx_word' id='word_1_512' title='bbox 2835 3817 3083 3879; x_wconf 74' lang='grc' dir='ltr'>καὶτοὺς</span> <span class='ocrx_word' id='word_1_513' title='bbox 3129 3816 3428 3886; x_wconf 77' lang='grc' dir='ltr'>κληρικοῦς</span> <span class='ocrx_word' id='word_1_514' title='bbox 3465 3821 3845 3904; x_wconf 61' lang='grc' dir='ltr'>στρατευομέ-</span> 
     </span>
    </p>
   </div>
   <div class='ocr_carea' id='block_1_79' title="bbox 2253 3909 3850 3986">
    <p class='ocr_par' dir='ltr' id='par_1_79' title="bbox 2253 3909 3850 3986">
     <span class='ocr_line' id='line_1_79' title="bbox 2253 3909 3850 3986; baseline -0.006 -13"><span class='ocrx_word' id='word_1_515' title='bbox 2253 3937 2402 3982; x_wconf 79' lang='grc' dir='ltr'>νους,</span> <span class='ocrx_word' id='word_1_516' title='bbox 2447 3918 2539 3970; x_wconf 77' lang='grc' dir='ltr'><strong>καὶ</strong></span> <span class='ocrx_word' id='word_1_517' title='bbox 2587 3916 2662 3986; x_wconf 79' lang='grc' dir='ltr'>μὴ</span> <span class='ocrx_word' id='word_1_518' title='bbox 2705 3909 3200 3984; x_wconf 80' lang='grc' dir='ltr'>μεταμελομένους.</span> <span class='ocrx_word' id='word_1_519' title='bbox 3267 3913 3325 3964; x_wconf 90' lang='grc' dir='ltr'>Ὁ</span> <span class='ocrx_word' id='word_1_520' title='bbox 3374 3912 3429 3966; x_wconf 85' lang='grc' dir='ltr'><strong>δὲ</strong></span> <span class='ocrx_word' id='word_1_521' title='bbox 3465 3911 3705 3982; x_wconf 82' lang='grc' dir='ltr'>χρυσοῦς</span> <span class='ocrx_word' id='word_1_522' title='bbox 3745 3913 3850 3980; x_wconf 75' lang='grc' dir='ltr'>τὴν</span> 
     </span>
    </p>
   </div>
   <div class='ocr_carea' id='block_1_80' title="bbox 2252 4007 3848 4081">
    <p class='ocr_par' dir='ltr' id='par_1_80' title="bbox 2252 4007 3848 4081">
     <span class='ocr_line' id='line_1_80' title="bbox 2252 4007 3848 4081; baseline -0.004 -16"><span class='ocrx_word' id='word_1_523' title='bbox 2252 4013 2505 4081; x_wconf 78' lang='grc' dir='ltr'>γλῶτταν</span> <span class='ocrx_word' id='word_1_524' title='bbox 2549 4012 2642 4063; x_wconf 75' lang='grc' dir='ltr'><strong>καὶ</strong></span> <span class='ocrx_word' id='word_1_525' title='bbox 2688 4009 2788 4078; x_wconf 84' lang='grc' dir='ltr'><strong>τῆς</strong></span> <span class='ocrx_word' id='word_1_526' title='bbox 2829 4008 3159 4078; x_wconf 85' lang='grc' dir='ltr'>οἰκουμένης</span> <span class='ocrx_word' id='word_1_527' title='bbox 3195 4007 3536 4071; x_wconf 79' lang='grc' dir='ltr'>διδάσκαλος,</span> <span class='ocrx_word' id='word_1_528' title='bbox 3580 4023 3848 4074; x_wconf 81' lang='grc' dir='ltr'>παρακε·</span> 
     </span>
    </p>
   </div>
   <div class='ocr_carea' id='block_1_81' title="bbox 1798 4127 2589 4208">
    <p class='ocr_par' dir='ltr' id='par_1_81' title="bbox 1798 4127 2589 4208">
     <span class='ocr_line' id='line_1_81' title="bbox 1798 4127 2589 4208; baseline 0 -19"><span class='ocrx_word' id='word_1_529' title='bbox 1798 4127 1990 4190; x_wconf 88' lang='lat' dir='ltr'><strong>Guill.</strong></span> <span class='ocrx_word' id='word_1_530' title='bbox 2018 4128 2354 4208; x_wconf 83' lang='lat' dir='ltr'><strong>Beveregii</strong></span> <span class='ocrx_word' id='word_1_531' title='bbox 2398 4137 2589 4191; x_wconf 72' lang='lat' dir='ltr'><strong>noue.</strong></span> 
     </span>
    </p>
   </div>
   <div class='ocr_carea' id='block_1_82' title="bbox 644 4229 2148 4308">
    <p class='ocr_par' dir='ltr' id='par_1_82' title="bbox 644 4229 2148 4308">
     <span class='ocr_line' id='line_1_82' title="bbox 644 4229 2148 4308; baseline -0.004 -19"><span class='ocrx_word' id='word_1_532' title='bbox 644 4229 756 4308; x_wconf 72' lang='lat'><strong>(19.)</strong></span> <span class='ocrx_word' id='word_1_533' title='bbox 785 4232 950 4287; x_wconf 83' lang='grc' dir='ltr'>Κατὰ</span> <span class='ocrx_word' id='word_1_534' title='bbox 984 4231 1330 4308; x_wconf 59' lang='grc' dir='ltr'>Ειξσταθίου</span> <span class='ocrx_word' id='word_1_535' title='bbox 1360 4231 1546 4308; x_wconf 48' lang='grc' dir='ltr'>τινός-ι</span> <span class='ocrx_word' id='word_1_536' title='bbox 1599 4230 1768 4285; x_wconf 68' lang='lat' dir='ltr'><strong>Ret-te</strong></span> <span class='ocrx_word' id='word_1_537' title='bbox 1809 4229 1896 4308; x_wconf 82' lang='lat' dir='ltr'><strong>hic</strong></span> <span class='ocrx_word' id='word_1_538' title='bbox 1928 4229 2148 4308; x_wconf 76' lang='lat' dir='ltr'><strong>additur</strong></span> 
     </span>
    </p>
   </div>
   <div class='ocr_carea' id='block_1_83' title="bbox 569 4300 2148 4372">
    <p class='ocr_par' dir='ltr' id='par_1_83' title="bbox 569 4300 2148 4372">
     <span class='ocr_line' id='line_1_83' title="bbox 569 4300 2148 4372; baseline -0.006 -10"><span class='ocrx_word' id='word_1_539' title='bbox 569 4300 746 4369; x_wconf 68' lang='grc' dir='ltr'><strong>τινός,⁷</strong></span> <span class='ocrx_word' id='word_1_540' title='bbox 771 4320 946 4372; x_wconf 89' lang='lat' dir='ltr'><strong>neque</strong></span> <span class='ocrx_word' id='word_1_541' title='bbox 976 4301 1124 4356; x_wconf 86' lang='lat' dir='ltr'><strong>enim</strong></span> <span class='ocrx_word' id='word_1_542' title='bbox 1152 4316 1250 4370; x_wconf 92' lang='lat' dir='ltr'><strong>pro</strong></span> <span class='ocrx_word' id='word_1_543' title='bbox 1274 4311 1428 4356; x_wconf 90' lang='lat' dir='ltr'><strong>certo</strong></span> <span class='ocrx_word' id='word_1_544' title='bbox 1455 4302 1750 4372; x_wconf 70' lang='lat' dir='ltr'><strong>habemus</strong></span> <span class='ocrx_word' id='word_1_545' title='bbox 1773 4301 2027 4372; x_wconf 85' lang='lat' dir='ltr'><strong>quisnam</strong></span> <span class='ocrx_word' id='word_1_546' title='bbox 2059 4300 2148 4353; x_wconf 90' lang='lat' dir='ltr'><strong>hic</strong></span> 
     </span>
    </p>
   </div>
   <div class='ocr_carea' id='block_1_84' title="bbox 572 4371 2147 4440">
    <p class='ocr_par' dir='ltr' id='par_1_84' title="bbox 572 4371 2147 4440">
     <span class='ocr_line' id='line_1_84' title="bbox 572 4371 2147 4440; baseline -0.009 -6"><span class='ocrx_word' id='word_1_547' title='bbox 572 4371 900 4434; x_wconf 84' lang='lat' dir='ltr'><strong>Eustathius</strong></span> <span class='ocrx_word' id='word_1_548' title='bbox 932 4372 1056 4437; x_wconf 83' lang='lat' dir='ltr'><strong>fuit,</strong></span> <span class='ocrx_word' id='word_1_549' title='bbox 1084 4373 1177 4440; x_wconf 87' lang='lat' dir='ltr'><strong>qui</strong></span> <span class='ocrx_word' id='word_1_550' title='bbox 1206 4390 1234 4425; x_wconf 85' lang='lat' dir='ltr'><strong>a</strong></span> <span class='ocrx_word' id='word_1_551' title='bbox 1269 4372 1523 4440; x_wconf 81' lang='lat' dir='ltr'><strong>praesenti</strong></span> <span class='ocrx_word' id='word_1_552' title='bbox 1554 4371 1790 4424; x_wconf 92' lang='lat' dir='ltr'><strong>concilio</strong></span> <span class='ocrx_word' id='word_1_553' title='bbox 1831 4371 2147 4440; x_wconf 82' lang='lat' dir='ltr'><strong>damnatus,</strong></span> 
     </span>
    </p>
   </div>
   <div class='ocr_carea' id='block_1_85' title="bbox 573 4439 2147 4514">
    <p class='ocr_par' dir='ltr' id='par_1_85' title="bbox 573 4439 2147 4514">
     <span class='ocr_line' id='line_1_85' title="bbox 573 4439 2147 4514; baseline -0.008 -9"><span class='ocrx_word' id='word_1_554' title='bbox 573 4458 630 4506; x_wconf 87' lang='lat' dir='ltr'><strong>et</strong></span> <span class='ocrx_word' id='word_1_555' title='bbox 660 4445 1010 4514; x_wconf 80' lang='lat' dir='ltr'><strong>anathemate</strong></span> <span class='ocrx_word' id='word_1_556' title='bbox 1038 4439 1340 4512; x_wconf 88' lang='lat' dir='ltr'><strong>percussus</strong></span> <span class='ocrx_word' id='word_1_557' title='bbox 1387 4451 1496 4514; x_wconf 66' lang='lat' dir='ltr'><strong>est.</strong></span> <span class='ocrx_word' id='word_1_558' title='bbox 1557 4441 1671 4495; x_wconf 85' lang='lat' dir='ltr'><strong>Non</strong></span> <span class='ocrx_word' id='word_1_559' title='bbox 1722 4439 1973 4508; x_wconf 87' lang='lat' dir='ltr'><strong>equidem</strong></span> <span class='ocrx_word' id='word_1_560' title='bbox 2006 4439 2147 4514; x_wconf 73' lang='lat' dir='ltr'><strong>ditii-</strong></span> 
     </span>
    </p>
   </div>
   <div class='ocr_carea' id='block_1_86' title="bbox 575 4510 2146 4584">
    <p class='ocr_par' dir='ltr' id='par_1_86' title="bbox 575 4510 2146 4584">
     <span class='ocr_line' id='line_1_86' title="bbox 575 4510 2146 4584; baseline -0.001 -10"><span class='ocrx_word' id='word_1_561' title='bbox 575 4530 718 4582; x_wconf 84' lang='lat' dir='ltr'><strong>teor,</strong></span> <span class='ocrx_word' id='word_1_562' title='bbox 773 4510 904 4584; x_wconf 83' lang='lat' dir='ltr'><strong>quin</strong></span> <span class='ocrx_word' id='word_1_563' title='bbox 962 4510 1318 4584; x_wconf 73' lang='lat' dir='ltr'><strong>socratesct</strong></span> <span class='ocrx_word' id='word_1_564' title='bbox 1381 4510 1724 4584; x_wconf 68' lang='lat' dir='ltr'><strong>Sozomeiiiis</strong></span> <span class='ocrx_word' id='word_1_565' title='bbox 1775 4511 2146 4584; x_wconf 59' lang='lat' dir='ltr'><strong>consentiant.</strong></span> 
     </span>
    </p>
   </div>
   <div class='ocr_carea' id='block_1_87' title="bbox 577 4580 2153 4649">
    <p class='ocr_par' dir='ltr' id='par_1_87' title="bbox 577 4580 2153 4649">
     <span class='ocr_line' id='line_1_87' title="bbox 577 4580 2153 4649; baseline -0.006 -5"><span class='ocrx_word' id='word_1_566' title='bbox 577 4580 832 4644; x_wconf 14' lang='lat' dir='ltr'><strong>cumidem</strong></span> <span class='ocrx_word' id='word_1_567' title='bbox 855 4602 978 4641; x_wconf 86' lang='lat' dir='ltr'><strong>esse</strong></span> <span class='ocrx_word' id='word_1_568' title='bbox 1006 4583 1374 4642; x_wconf 86' lang='lat' dir='ltr'><strong>Eustathium,</strong></span> <span class='ocrx_word' id='word_1_569' title='bbox 1393 4583 1485 4649; x_wconf 90' lang='lat' dir='ltr'><strong>qui</strong></span> <span class='ocrx_word' id='word_1_570' title='bbox 1515 4581 1778 4634; x_wconf 67' lang='lat' dir='ltr'><strong>Sebastiani</strong></span> <span class='ocrx_word' id='word_1_571' title='bbox 1811 4581 1862 4633; x_wconf 92' lang='lat' dir='ltr'><strong>in</strong></span> <span class='ocrx_word' id='word_1_572' title='bbox 1894 4580 2153 4634; x_wconf 85' lang='lat' dir='ltr'><strong>Armenia</strong></span> 
     </span>
    </p>
   </div>
   <div class='ocr_carea' id='block_1_88' title="bbox 577 4650 2156 4730">
    <p class='ocr_par' dir='ltr' id='par_1_88' title="bbox 577 4650 2156 4730">
     <span class='ocr_line' id='line_1_88' title="bbox 577 4650 2156 4730; baseline -0.009 -14"><span class='ocrx_word' id='word_1_573' title='bbox 577 4660 871 4730; x_wconf 85' lang='lat' dir='ltr'><strong>episcopus</strong></span> <span class='ocrx_word' id='word_1_574' title='bbox 926 4655 1082 4730; x_wconf 64' lang='lat' dir='ltr'><strong>fuit:</strong></span> <span class='ocrx_word' id='word_1_575' title='bbox 1122 4654 1216 4707; x_wconf 88' lang='lat' dir='ltr'><strong>sed</strong></span> <span class='ocrx_word' id='word_1_576' title='bbox 1267 4651 1534 4730; x_wconf 63' lang='lat' dir='ltr'><strong>Baroiiius</strong></span> <span class='ocrx_word' id='word_1_577' title='bbox 1587 4651 1653 4730; x_wconf 73' lang='lat' dir='ltr'><strong>ad</strong></span> <span class='ocrx_word' id='word_1_578' title='bbox 1710 4667 1798 4703; x_wconf 87' lang='lat' dir='ltr'><strong>an.</strong></span> <span class='ocrx_word' id='word_1_579' title='bbox 1984 4652 2156 4730; x_wconf 73' lang='lat' dir='ltr'><strong>multa</strong></span> 
     </span>
    </p>
   </div>
   <div class='ocr_carea' id='block_1_89' title="bbox 579 4721 2157 4798">
    <p class='ocr_par' dir='ltr' id='par_1_89' title="bbox 579 4721 2157 4798">
     <span class='ocr_line' id='line_1_89' title="bbox 579 4721 2157 4798; baseline -0.007 -13"><span class='ocrx_word' id='word_1_580' title='bbox 579 4721 882 4798; x_wconf 77' lang='lat' dir='ltr'><strong>congessit,</strong></span> <span class='ocrx_word' id='word_1_581' title='bbox 922 4726 1135 4798; x_wconf 87' lang='lat' dir='ltr'><strong>quibus</strong></span> <span class='ocrx_word' id='word_1_582' title='bbox 1180 4721 1478 4776; x_wconf 86' lang='lat' dir='ltr'><strong>verisimile</strong></span> <span class='ocrx_word' id='word_1_583' title='bbox 1521 4722 1714 4798; x_wconf 75' lang='lat' dir='ltr'><strong>saltem</strong></span> <span class='ocrx_word' id='word_1_584' title='bbox 1751 4721 2017 4798; x_wconf 80' lang='lat' dir='ltr'><strong>redditur,</strong></span> <span class='ocrx_word' id='word_1_585' title='bbox 2048 4721 2157 4798; x_wconf 55' lang='lat' dir='ltr'><strong>Eu:</strong></span> 
     </span>
    </p>
   </div>
   <div class='ocr_carea' id='block_1_90' title="bbox 581 4792 2154 4861">
    <p class='ocr_par' dir='ltr' id='par_1_90' title="bbox 581 4792 2154 4861">
     <span class='ocr_line' id='line_1_90' title="bbox 581 4792 2154 4861; baseline -0.006 -7"><span class='ocrx_word' id='word_1_586' title='bbox 581 4792 846 4854; x_wconf 72' lang='lat' dir='ltr'><strong>statbium</strong></span> <span class='ocrx_word' id='word_1_587' title='bbox 868 4792 968 4851; x_wconf 85' lang='lat' dir='ltr'><strong>hic</strong></span> <span class='ocrx_word' id='word_1_588' title='bbox 998 4801 1487 4849; x_wconf 82' lang='lat' dir='ltr'><strong>commemoratum</strong></span> <span class='ocrx_word' id='word_1_589' title='bbox 1517 4792 1681 4844; x_wconf 87' lang='lat' dir='ltr'><strong>alium</strong></span> <span class='ocrx_word' id='word_1_590' title='bbox 1714 4805 1836 4845; x_wconf 89' lang='lat' dir='ltr'><strong>esse</strong></span> <span class='ocrx_word' id='word_1_591' title='bbox 1857 4793 1923 4843; x_wconf 90' lang='lat' dir='ltr'><strong>ab</strong></span> <span class='ocrx_word' id='word_1_592' title='bbox 1948 4808 2034 4855; x_wconf 88' lang='lat' dir='ltr'><strong>eo,</strong></span> <span class='ocrx_word' id='word_1_593' title='bbox 2059 4792 2154 4861; x_wconf 92' lang='lat' dir='ltr'><strong>qui</strong></span> 
     </span>
    </p>
   </div>
   <div class='ocr_carea' id='block_1_91' title="bbox 583 4861 2155 4934">
    <p class='ocr_par' dir='ltr' id='par_1_91' title="bbox 583 4861 2155 4934">
     <span class='ocr_line' id='line_1_91' title="bbox 583 4861 2155 4934; baseline -0.006 -9"><span class='ocrx_word' id='word_1_594' title='bbox 583 4869 921 4927; x_wconf 84' lang='lat' dir='ltr'><strong>Sebastenus</strong></span> <span class='ocrx_word' id='word_1_595' title='bbox 951 4867 1244 4934; x_wconf 90' lang='lat' dir='ltr'><strong>episcopus</strong></span> <span class='ocrx_word' id='word_1_596' title='bbox 1281 4862 1461 4934; x_wconf 87' lang='lat' dir='ltr'><strong>di_ctus</strong></span> <span class='ocrx_word' id='word_1_597' title='bbox 1491 4873 1611 4934; x_wconf 87' lang='lat' dir='ltr'><strong>est;</strong></span> <span class='ocrx_word' id='word_1_598' title='bbox 1664 4863 1751 4934; x_wconf 85' lang='lat' dir='ltr'><strong>cui</strong></span> <span class='ocrx_word' id='word_1_599' title='bbox 1785 4861 2014 4934; x_wconf 88' lang='lat' dir='ltr'><strong>proinde</strong></span> <span class='ocrx_word' id='word_1_600' title='bbox 2043 4863 2155 4916; x_wconf 87' lang='lat' dir='ltr'><strong>Eu-</strong></span> 
     </span>
    </p>
   </div>
   <div class='ocr_carea' id='block_1_92' title="bbox 581 4930 2150 5001">
    <p class='ocr_par' dir='ltr' id='par_1_92' title="bbox 581 4930 2150 5001">
     <span class='ocr_line' id='line_1_92' title="bbox 581 4930 2150 5001; baseline -0.007 -4"><span class='ocrx_word' id='word_1_601' title='bbox 581 4941 820 4998; x_wconf 86' lang='lat' dir='ltr'><strong>stathius</strong></span> <span class='ocrx_word' id='word_1_602' title='bbox 855 4930 1117 4990; x_wconf 81' lang='lat' dir='ltr'><strong>mendose</strong></span> <span class='ocrx_word' id='word_1_603' title='bbox 1147 4930 1269 5001; x_wconf 85' lang='lat' dir='ltr'><strong>pro</strong></span> <span class='ocrx_word' id='word_1_604' title='bbox 1317 4930 1592 4987; x_wconf 83' lang='lat' dir='ltr'><strong>Eutachus</strong></span> <span class='ocrx_word' id='word_1_605' title='bbox 1648 4932 1885 5000; x_wconf 88' lang='lat' dir='ltr'><strong>scriptus</strong></span> <span class='ocrx_word' id='word_1_606' title='bbox 1919 4933 2150 4994; x_wconf 89' lang='lat' dir='ltr'><strong>videtur,</strong></span> 
     </span>
    </p>
   </div>
   <div class='ocr_carea' id='block_1_93' title="bbox 582 5001 2152 5081">
    <p class='ocr_par' dir='ltr' id='par_1_93' title="bbox 582 5001 2152 5081">
     <span class='ocr_line' id='line_1_93' title="bbox 582 5001 2152 5081; baseline -0.003 -21"><span class='ocrx_word' id='word_1_607' title='bbox 582 5015 651 5067; x_wconf 79' lang='lat' dir='ltr'><strong>de</strong></span> <span class='ocrx_word' id='word_1_608' title='bbox 679 5025 788 5081; x_wconf 90' lang='lat' dir='ltr'><strong>quo</strong></span> <span class='ocrx_word' id='word_1_609' title='bbox 817 5005 1164 5081; x_wconf 70' lang='lat' dir='ltr'><strong>Epiphanius</strong></span> <span class='ocrx_word' id='word_1_610' title='bbox 1188 5001 1394 5081; x_wconf 63' lang='lat' dir='ltr'><strong>haeresi-</strong></span> <span class='ocrx_word' id='word_1_611' title='bbox 1414 5003 1484 5056; x_wconf 70' lang='grc'><strong>40</strong></span> <span class='ocrx_word' id='word_1_612' title='bbox 1516 5005 1781 5081; x_wconf 77' lang='lat' dir='ltr'><strong>meminit.</strong></span> <span class='ocrx_word' id='word_1_613' title='bbox 1809 5003 1945 5081; x_wconf 63' lang='lat' dir='ltr'><strong>Quin</strong></span> <span class='ocrx_word' id='word_1_614' title='bbox 1970 5012 2152 5081; x_wconf 70' lang='lat' dir='ltr'><strong>autem</strong></span> 
     </span>
    </p>
   </div>
   <div class='ocr_carea' id='block_1_94' title="bbox 585 5073 2156 5144">
    <p class='ocr_par' dir='ltr' id='par_1_94' title="bbox 585 5073 2156 5144">
     <span class='ocr_line' id='line_1_94' title="bbox 585 5073 2156 5144; baseline -0.005 -8"><span class='ocrx_word' id='word_1_615' title='bbox 585 5087 640 5137; x_wconf 89' lang='lat' dir='ltr'><strong>in</strong></span> <span class='ocrx_word' id='word_1_616' title='bbox 692 5073 949 5136; x_wconf 75' lang='lat' dir='ltr'><strong>omnibus</strong></span> <span class='ocrx_word' id='word_1_617' title='bbox 994 5074 1199 5129; x_wconf 68' lang='lat' dir='ltr'><strong>Graecis</strong></span> <span class='ocrx_word' id='word_1_618' title='bbox 1261 5073 1465 5142; x_wconf 89' lang='lat' dir='ltr'><strong>pariter</strong></span> <span class='ocrx_word' id='word_1_619' title='bbox 1501 5081 1663 5144; x_wconf 85' lang='lat' dir='ltr'><strong>atque</strong></span> <span class='ocrx_word' id='word_1_620' title='bbox 1725 5073 1934 5126; x_wconf 89' lang='lat' dir='ltr'><strong>Latinis</strong></span> <span class='ocrx_word' id='word_1_621' title='bbox 1966 5074 2156 5144; x_wconf 37' lang='lat' dir='ltr'><strong>“hujus</strong></span> 
     </span>
    </p>
   </div>
   <div class='ocr_carea' id='block_1_95' title="bbox 586 5142 2158 5222">
    <p class='ocr_par' dir='ltr' id='par_1_95' title="bbox 586 5142 2158 5222">
     <span class='ocr_line' id='line_1_95' title="bbox 586 5142 2158 5222; baseline -0.006 -14"><span class='ocrx_word' id='word_1_622' title='bbox 586 5149 783 5222; x_wconf 84' lang='lat' dir='ltr'><strong>synodi</strong></span> <span class='ocrx_word' id='word_1_623' title='bbox 808 5144 1097 5202; x_wconf 89' lang='lat' dir='ltr'><strong>codicibus</strong></span> <span class='ocrx_word' id='word_1_624' title='bbox 1130 5152 1240 5222; x_wconf 75' lang='lat' dir='ltr'><strong>lam</strong></span> <span class='ocrx_word' id='word_1_625' title='bbox 1272 5159 1408 5198; x_wconf 88' lang='lat' dir='ltr'><strong>mss.</strong></span> <span class='ocrx_word' id='word_1_626' title='bbox 1451 5142 1614 5213; x_wconf 75' lang='lat' dir='ltr'><strong>quam</strong></span> <span class='ocrx_word' id='word_1_627' title='bbox 1651 5146 1933 5222; x_wconf 70' lang='lat' dir='ltr'><strong>impressis</strong></span> <span class='ocrx_word' id='word_1_628' title='bbox 1961 5142 2158 5222; x_wconf 79' lang='lat' dir='ltr'><strong>Eusta-</strong></span> 
     </span>
    </p>
   </div>
   <div class='ocr_carea' id='block_1_96' title="bbox 587 5215 2154 5284">
    <p class='ocr_par' dir='ltr' id='par_1_96' title="bbox 587 5215 2154 5284">
     <span class='ocr_line' id='line_1_96' title="bbox 587 5215 2154 5284; baseline -0.006 -7"><span class='ocrx_word' id='word_1_629' title='bbox 587 5215 741 5278; x_wconf 80' lang='lat' dir='ltr'><strong>thius</strong></span> <span class='ocrx_word' id='word_1_630' title='bbox 788 5225 1110 5272; x_wconf 86' lang='lat' dir='ltr'><strong>constanter</strong></span> <span class='ocrx_word' id='word_1_631' title='bbox 1157 5215 1388 5284; x_wconf 79' lang='lat' dir='ltr'><strong>legatur,</strong></span> <span class='ocrx_word' id='word_1_632' title='bbox 1451 5231 1583 5269; x_wconf 81' lang='lat' dir='ltr'><strong>vero</strong></span> <span class='ocrx_word' id='word_1_633' title='bbox 1642 5216 1867 5284; x_wconf 82' lang='lat' dir='ltr'><strong>propius</strong></span> <span class='ocrx_word' id='word_1_634' title='bbox 1917 5223 2022 5277; x_wconf 81' lang='lat' dir='ltr'><strong>est,</strong></span> <span class='ocrx_word' id='word_1_635' title='bbox 2080 5215 2154 5267; x_wconf 82' lang='lat' dir='ltr'><strong>ita</strong></span> 
     </span>
    </p>
   </div>
   <div class='ocr_carea' id='block_1_97' title="bbox 589 5285 2152 5352">
    <p class='ocr_par' dir='ltr' id='par_1_97' title="bbox 589 5285 2152 5352">
     <span class='ocr_line' id='line_1_97' title="bbox 589 5285 2152 5352; baseline -0.007 -4"><span class='ocrx_word' id='word_1_636' title='bbox 589 5307 714 5349; x_wconf 87' lang='lat' dir='ltr'><strong>eum</strong></span> <span class='ocrx_word' id='word_1_637' title='bbox 747 5289 1086 5344; x_wconf 86' lang='lat' dir='ltr'><strong>nominatum</strong></span> <span class='ocrx_word' id='word_1_638' title='bbox 1152 5301 1306 5347; x_wconf 87' lang='lat' dir='ltr'><strong>esse,</strong></span> <span class='ocrx_word' id='word_1_639' title='bbox 1364 5285 1581 5339; x_wconf 80' lang='lat' dir='ltr'><strong>etiamSI</strong></span> <span class='ocrx_word' id='word_1_640' title='bbox 1614 5287 1752 5339; x_wconf 83' lang='lat' dir='ltr'><strong>satis</strong></span> <span class='ocrx_word' id='word_1_641' title='bbox 1782 5301 1889 5338; x_wconf 91' lang='lat' dir='ltr'><strong>non</strong></span> <span class='ocrx_word' id='word_1_642' title='bbox 1923 5285 2152 5352; x_wconf 88' lang='lat' dir='ltr'><strong>liqueat,</strong></span> 
     </span>
    </p>
   </div>
   <div class='ocr_carea' id='block_1_98' title="bbox 589 5354 2152 5435">
    <p class='ocr_par' dir='ltr' id='par_1_98' title="bbox 589 5354 2152 5435">
     <span class='ocr_line' id='line_1_98' title="bbox 589 5354 2152 5435; baseline -0.006 -18"><span class='ocrx_word' id='word_1_643' title='bbox 589 5363 844 5435; x_wconf 82' lang='lat' dir='ltr'><strong>quisnam</strong></span> <span class='ocrx_word' id='word_1_644' title='bbox 883 5358 971 5413; x_wconf 88' lang='lat' dir='ltr'><strong>ille</strong></span> <span class='ocrx_word' id='word_1_645' title='bbox 1001 5359 1166 5435; x_wconf 79' lang='lat' dir='ltr'><strong>fuerit</strong></span> <span class='ocrx_word' id='word_1_646' title='bbox 1192 5373 1216 5435; x_wconf 88' lang='lat'><strong>:_</strong></span> <span class='ocrx_word' id='word_1_647' title='bbox 1237 5357 1339 5410; x_wconf 84' lang='lat' dir='ltr'><strong>nisi</strong></span> <span class='ocrx_word' id='word_1_648' title='bbox 1393 5359 1536 5426; x_wconf 89' lang='lat' dir='ltr'><strong>quod</strong></span> <span class='ocrx_word' id='word_1_649' title='bbox 1567 5371 1694 5435; x_wconf 79' lang='lat' dir='ltr'><strong>eum</strong></span> <span class='ocrx_word' id='word_1_650' title='bbox 1731 5354 2152 5435; x_wconf 64' lang='lat' dir='ltr'><strong>haeresiareham</strong></span> 
     </span>
    </p>
   </div>
   <div class='ocr_carea' id='block_1_99' title="bbox 589 5426 2154 5499">
    <p class='ocr_par' dir='ltr' id='par_1_99' title="bbox 589 5426 2154 5499">
     <span class='ocr_line' id='line_1_99' title="bbox 589 5426 2154 5499; baseline -0.007 -10"><span class='ocrx_word' id='word_1_651' title='bbox 589 5426 786 5497; x_wconf 68' lang='lat' dir='ltr'><strong>fuisse,</strong></span> <span class='ocrx_word' id='word_1_652' title='bbox 816 5443 978 5499; x_wconf 86' lang='lat' dir='ltr'><strong>atque</strong></span> <span class='ocrx_word' id='word_1_653' title='bbox 1015 5426 1398 5496; x_wconf 86' lang='lat' dir='ltr'><strong>absurdorum</strong></span> <span class='ocrx_word' id='word_1_654' title='bbox 1441 5426 1760 5499; x_wconf 76' lang='lat' dir='ltr'><strong>magistrum</strong></span> <span class='ocrx_word' id='word_1_655' title='bbox 1815 5428 2154 5494; x_wconf 78' lang='lat' dir='ltr'><strong>dogmatuin,</strong></span> 
     </span>
    </p>
   </div>
   <div class='ocr_carea' id='block_1_100' title="bbox 591 5495 1904 5572">
    <p class='ocr_par' dir='ltr' id='par_1_100' title="bbox 591 5495 1904 5572">
     <span class='ocr_line' id='line_1_100' title="bbox 591 5495 1904 5572; baseline -0.009 -12"><span class='ocrx_word' id='word_1_656' title='bbox 591 5506 707 5560; x_wconf 62' lang='lat' dir='ltr'><strong>haec</strong></span> <span class='ocrx_word' id='word_1_657' title='bbox 737 5495 853 5570; x_wconf 82' lang='lat' dir='ltr'><strong>ipsa</strong></span> <span class='ocrx_word' id='word_1_658' title='bbox 887 5495 1127 5572; x_wconf 71' lang='lat' dir='ltr'><strong>synodus</strong></span> <span class='ocrx_word' id='word_1_659' title='bbox 1158 5500 1374 5572; x_wconf 66' lang='lat' dir='ltr'><strong>aliunde</strong></span> <span class='ocrx_word' id='word_1_660' title='bbox 1401 5505 1660 5572; x_wconf 83' lang='lat' dir='ltr'><strong>testatum</strong></span> <span class='ocrx_word' id='word_1_661' title='bbox 1697 5495 1904 5572; x_wconf 65' lang='lat' dir='ltr'><strong>iecerit.</strong></span> 
     </span>
    </p>
   </div>
   <div class='ocr_carea' id='block_1_101' title="bbox 665 5566 2154 5645">
    <p class='ocr_par' dir='ltr' id='par_1_101' title="bbox 665 5566 2154 5645">
     <span class='ocr_line' id='line_1_101' title="bbox 665 5566 2154 5645; baseline -0.003 -18"><span class='ocrx_word' id='word_1_662' title='bbox 665 5566 776 5645; x_wconf 65' lang='grc'><strong>(15)</strong></span> <span class='ocrx_word' id='word_1_663' title='bbox 828 5566 1072 5645; x_wconf 51' lang='grc' dir='ltr'><strong>Οἴτην-εςΔ</strong></span> <span class='ocrx_word' id='word_1_664' title='bbox 1106 5571 1215 5645; x_wconf 71' lang='grc' dir='ltr'><strong>τὸν</strong></span> <span class='ocrx_word' id='word_1_665' title='bbox 1241 5568 1507 5645; x_wconf 56' lang='grc' dir='ltr'>ἔννομον</span> <span class='ocrx_word' id='word_1_666' title='bbox 1538 5568 1748 5645; x_wconf 46' lang='lat' dir='ltr'><strong>rarior.</strong></span> <span class='ocrx_word' id='word_1_667' title='bbox 1808 5566 2010 5645; x_wconf 71' lang='lat' dir='ltr'><strong>Omnes</strong></span> <span class='ocrx_word' id='word_1_668' title='bbox 2073 5568 2154 5622; x_wconf 61' lang='lat' dir='ltr'><strong>lia:</strong></span> 
     </span>
    </p>
   </div>
   <div class='ocr_carea' id='block_1_102' title="bbox 589 5638 2152 5706">
    <p class='ocr_par' dir='ltr' id='par_1_102' title="bbox 589 5638 2152 5706">
     <span class='ocr_line' id='line_1_102' title="bbox 589 5638 2152 5706; baseline -0.004 -7"><span class='ocrx_word' id='word_1_669' title='bbox 589 5638 843 5701; x_wconf 81' lang='lat' dir='ltr'><strong>absurdae</strong></span> <span class='ocrx_word' id='word_1_670' title='bbox 872 5641 1137 5696; x_wconf 73' lang='lat' dir='ltr'><strong>Enstathii</strong></span> <span class='ocrx_word' id='word_1_671' title='bbox 1169 5648 1222 5693; x_wconf 90' lang='lat' dir='ltr'><strong>et</strong></span> <span class='ocrx_word' id='word_1_672' title='bbox 1248 5638 1640 5706; x_wconf 84' lang='lat' dir='ltr'><strong>discipulorum</strong></span> <span class='ocrx_word' id='word_1_673' title='bbox 1672 5639 1790 5703; x_wconf 88' lang='lat' dir='ltr'><strong>ejus</strong></span> <span class='ocrx_word' id='word_1_674' title='bbox 1844 5639 2152 5705; x_wconf 85' lang='lat' dir='ltr'><strong>opiniones,</strong></span> 
     </span>
    </p>
   </div>
   <div class='ocr_carea' id='block_1_103' title="bbox 591 5708 2172 5781">
    <p class='ocr_par' dir='ltr' id='par_1_103' title="bbox 591 5708 2172 5781">
     <span class='ocr_line' id='line_1_103' title="bbox 591 5708 2172 5781; baseline -0.007 -11"><span class='ocrx_word' id='word_1_675' title='bbox 591 5731 702 5770; x_wconf 91' lang='lat' dir='ltr'><strong>non</strong></span> <span class='ocrx_word' id='word_1_676' title='bbox 729 5715 888 5767; x_wconf 84' lang='lat' dir='ltr'><strong>modo</strong></span> <span class='ocrx_word' id='word_1_677' title='bbox 925 5716 977 5764; x_wconf 88' lang='lat' dir='ltr'><strong>in</strong></span> <span class='ocrx_word' id='word_1_678' title='bbox 1005 5710 1265 5781; x_wconf 88' lang='lat' dir='ltr'><strong>synodica</strong></span> <span class='ocrx_word' id='word_1_679' title='bbox 1300 5709 1533 5781; x_wconf 78' lang='lat' dir='ltr'><strong>epistola</strong></span> <span class='ocrx_word' id='word_1_680' title='bbox 1568 5708 1812 5776; x_wconf 82' lang='lat' dir='ltr'><strong>proxime</strong></span> <span class='ocrx_word' id='word_1_681' title='bbox 1843 5717 1967 5781; x_wconf 57' lang='lat' dir='ltr'><strong>ante</strong></span> <span class='ocrx_word' id='word_1_682' title='bbox 1995 5723 2172 5761; x_wconf 45' lang='lat' dir='ltr'><strong>canon</strong></span> 
     </span>
    </p>
   </div>
   <div class='ocr_carea' id='block_1_104' title="bbox 596 5777 2153 5852">
    <p class='ocr_par' dir='ltr' id='par_1_104' title="bbox 596 5777 2153 5852">
     <span class='ocr_line' id='line_1_104' title="bbox 596 5777 2153 5852; baseline -0.004 -13"><span class='ocrx_word' id='word_1_683' title='bbox 596 5800 695 5839; x_wconf 84' lang='lat' dir='ltr'><strong>nes</strong></span> <span class='ocrx_word' id='word_1_684' title='bbox 727 5786 923 5852; x_wconf 88' lang='lat' dir='ltr'><strong>posita,</strong></span> <span class='ocrx_word' id='word_1_685' title='bbox 957 5777 1142 5835; x_wconf 74' lang='lat' dir='ltr'><strong>verum</strong></span> <span class='ocrx_word' id='word_1_686' title='bbox 1183 5781 1371 5852; x_wconf 80' lang='lat' dir='ltr'><strong>etiam</strong></span> <span class='ocrx_word' id='word_1_687' title='bbox 1401 5795 1463 5852; x_wconf 85' lang='lat' dir='ltr'><strong>a_</strong></span> <span class='ocrx_word' id='word_1_688' title='bbox 1491 5779 1715 5852; x_wconf 69' lang='lat' dir='ltr'><strong>Socrate</strong></span> <span class='ocrx_word' id='word_1_689' title='bbox 1736 5787 1817 5852; x_wconf 66' lang='lat' dir='ltr'><strong>et</strong></span> <span class='ocrx_word' id='word_1_690' title='bbox 1845 5777 2153 5852; x_wconf 83' lang='lat' dir='ltr'><strong>Sozomeno</strong></span> 
     </span>
    </p>
   </div>
   <div class='ocr_carea' id='block_1_105' title="bbox 595 5846 2150 5922">
    <p class='ocr_par' dir='ltr' id='par_1_105' title="bbox 595 5846 2150 5922">
     <span class='ocr_line' id='line_1_105' title="bbox 595 5846 2150 5922; baseline -0.004 -12"><span class='ocrx_word' id='word_1_691' title='bbox 595 5846 986 5921; x_wconf 79' lang='lat' dir='ltr'><strong>ieceiiscntur;</strong></span> <span class='ocrx_word' id='word_1_692' title='bbox 1038 5861 1294 5922; x_wconf 83' lang='lat' dir='ltr'><strong>tanquam</strong></span> <span class='ocrx_word' id='word_1_693' title='bbox 1326 5848 1393 5906; x_wconf 86' lang='lat' dir='ltr'><strong>ab</strong></span> <span class='ocrx_word' id='word_1_694' title='bbox 1422 5847 1707 5904; x_wconf 74' lang='lat' dir='ltr'><strong>Euslalbio</strong></span> <span class='ocrx_word' id='word_1_695' title='bbox 1733 5846 2030 5904; x_wconf 79' lang='lat' dir='ltr'><strong>Sebastcno</strong></span> <span class='ocrx_word' id='word_1_696' title='bbox 2066 5851 2150 5904; x_wconf 88' lang='lat' dir='ltr'><strong>in-</strong></span> 
     </span>
    </p>
   </div>
   <div class='ocr_carea' id='block_1_106' title="bbox 2180 4549 2232 4608">
    <p class='ocr_par' dir='ltr' id='par_1_106' title="bbox 2180 4549 2232 4608">
     <span class='ocr_line' id='line_1_106' title="bbox 2180 4549 2232 4608; baseline 0 0"><span class='ocrx_word' id='word_1_697' title='bbox 2180 4549 2232 4608; x_wconf 91' lang='lat' dir='ltr'><strong>D</strong></span> 
     </span>
    </p>
   </div>
   <div class='ocr_carea' id='block_1_107' title="bbox 2258 4227 3848 4300">
    <p class='ocr_par' dir='ltr' id='par_1_107' title="bbox 2258 4227 3848 4300">
     <span class='ocr_line' id='line_1_107' title="bbox 2258 4227 3848 4300; baseline 0.002 -16"><span class='ocrx_word' id='word_1_698' title='bbox 2258 4231 2544 4286; x_wconf 57' lang='lat' dir='ltr'><strong>troducta&#39;.</strong></span> <span class='ocrx_word' id='word_1_699' title='bbox 2586 4228 2802 4283; x_wconf 86' lang='lat' dir='ltr'><strong>Socrat.</strong></span> <span class='ocrx_word' id='word_1_700' title='bbox 2837 4230 2934 4285; x_wconf 91' lang='lat' dir='ltr'><strong>lib.</strong></span> <span class='ocrx_word' id='word_1_701' title='bbox 2971 4247 3029 4292; x_wconf 85' lang='lat' dir='ltr'><strong>ii,</strong></span> <span class='ocrx_word' id='word_1_702' title='bbox 3061 4245 3184 4296; x_wconf 85' lang='lat' dir='ltr'><strong>cap.</strong></span> <span class='ocrx_word' id='word_1_703' title='bbox 3215 4229 3319 4294; x_wconf 68' lang='lat'><strong>45;</strong></span> <span class='ocrx_word' id='word_1_704' title='bbox 3349 4227 3571 4283; x_wconf 82' lang='lat' dir='ltr'><strong>Sozom.</strong></span> <span class='ocrx_word' id='word_1_705' title='bbox 3613 4228 3710 4284; x_wconf 88' lang='lat' dir='ltr'><strong>lib.</strong></span> <span class='ocrx_word' id='word_1_706' title='bbox 3760 4248 3848 4300; x_wconf 84' lang='lat' dir='ltr'><strong>ut,</strong></span> 
     </span>
    </p>
   </div>
   <div class='ocr_carea' id='block_1_108' title="bbox 2257 4300 3187 4371">
    <p class='ocr_par' dir='ltr' id='par_1_108' title="bbox 2257 4300 3187 4371">
     <span class='ocr_line' id='line_1_108' title="bbox 2257 4300 3187 4371; baseline -0.003 -16"><span class='ocrx_word' id='word_1_707' title='bbox 2257 4318 2379 4371; x_wconf 85' lang='lat' dir='ltr'><strong>cap.</strong></span> <span class='ocrx_word' id='word_1_708' title='bbox 2416 4301 2501 4355; x_wconf 77' lang='lat' dir='ltr'><strong>M.</strong></span> <span class='ocrx_word' id='word_1_709' title='bbox 2537 4301 2687 4366; x_wconf 84' lang='lat' dir='ltr'><strong>Quos</strong></span> <span class='ocrx_word' id='word_1_710' title='bbox 2717 4303 2888 4354; x_wconf 88' lang='lat' dir='ltr'><strong>lector</strong></span> <span class='ocrx_word' id='word_1_711' title='bbox 2914 4300 3187 4354; x_wconf 88' lang='lat' dir='ltr'><strong>consulat.</strong></span> 
     </span>
    </p>
   </div>
   <div class='ocr_carea' id='block_1_109' title="bbox 2329 4370 3846 4441">
    <p class='ocr_par' dir='ltr' id='par_1_109' title="bbox 2329 4370 3846 4441">
     <span class='ocr_line' id='line_1_109' title="bbox 2329 4370 3846 4441; baseline 0.001 -16"><span class='ocrx_word' id='word_1_712' title='bbox 2329 4370 2440 4438; x_wconf 67' lang='lat' dir='ltr'><strong>H4)</strong></span> <span class='ocrx_word' id='word_1_713' title='bbox 2479 4371 2784 4435; x_wconf 80' lang='grc' dir='ltr'>Ἐξέθεντο</span> <span class='ocrx_word' id='word_1_714' title='bbox 2824 4371 2965 4436; x_wconf 82' lang='grc' dir='ltr'>τοὺς</span> <span class='ocrx_word' id='word_1_715' title='bbox 2991 4370 3517 4439; x_wconf 77' lang='grc' dir='ltr'>ὑποτεταγμένους</span> <span class='ocrx_word' id='word_1_716' title='bbox 3543 4372 3846 4441; x_wconf 75' lang='grc' dir='ltr'>κανόνας.</span> 
     </span>
    </p>
   </div>
   <div class='ocr_carea' id='block_1_110' title="bbox 2261 4441 3852 4510">
    <p class='ocr_par' dir='ltr' id='par_1_110' title="bbox 2261 4441 3852 4510">
     <span class='ocr_line' id='line_1_110' title="bbox 2261 4441 3852 4510; baseline -0.006 -13"><span class='ocrx_word' id='word_1_717' title='bbox 2261 4443 2602 4499; x_wconf 84' lang='lat' dir='ltr'><strong>Sclioliastes</strong></span> <span class='ocrx_word' id='word_1_718' title='bbox 2636 4443 2722 4494; x_wconf 87' lang='lat' dir='ltr'><strong>hic</strong></span> <span class='ocrx_word' id='word_1_719' title='bbox 2771 4443 3056 4510; x_wconf 86' lang='lat' dir='ltr'><strong>impressi,</strong></span> <span class='ocrx_word' id='word_1_720' title='bbox 3095 4441 3412 4504; x_wconf 85' lang='lat' dir='ltr'><strong>Bnlsamon,</strong></span> <span class='ocrx_word' id='word_1_721' title='bbox 3449 4441 3724 4506; x_wconf 81' lang='lat' dir='ltr'><strong>Zonaras,</strong></span> <span class='ocrx_word' id='word_1_722' title='bbox 3763 4458 3852 4498; x_wconf 57' lang='lat' dir='ltr'><strong>at-</strong></span> 
     </span>
    </p>
   </div>
   <div class='ocr_carea' id='block_1_111' title="bbox 2258 4512 3843 4583">
    <p class='ocr_par' dir='ltr' id='par_1_111' title="bbox 2258 4512 3843 4583">
     <span class='ocr_line' id='line_1_111' title="bbox 2258 4512 3843 4583; baseline 0.001 -16"><span class='ocrx_word' id='word_1_723' title='bbox 2258 4529 2365 4583; x_wconf 91' lang='lat' dir='ltr'><strong>quc</strong></span> <span class='ocrx_word' id='word_1_724' title='bbox 2393 4515 2680 4568; x_wconf 78' lang='lat' dir='ltr'><strong>Aristenns</strong></span> <span class='ocrx_word' id='word_1_725' title='bbox 2717 4527 2956 4583; x_wconf 89' lang='lat' dir='ltr'><strong>canones</strong></span> <span class='ocrx_word' id='word_1_726' title='bbox 2984 4512 3048 4565; x_wconf 71' lang='lat'><strong>21</strong></span> <span class='ocrx_word' id='word_1_727' title='bbox 3101 4512 3229 4565; x_wconf 91' lang='lat' dir='ltr'><strong>huic</strong></span> <span class='ocrx_word' id='word_1_728' title='bbox 3260 4513 3472 4580; x_wconf 86' lang='lat' dir='ltr'><strong>synodo</strong></span> <span class='ocrx_word' id='word_1_729' title='bbox 3497 4512 3843 4583; x_wconf 80' lang='lat' dir='ltr'><strong>attribuunt,</strong></span> 
     </span>
    </p>
   </div>
   <div class='ocr_carea' id='block_1_112' title="bbox 2263 4582 3845 4641">
    <p class='ocr_par' dir='ltr' id='par_1_112' title="bbox 2263 4582 3845 4641">
     <span class='ocr_line' id='line_1_112' title="bbox 2263 4582 3845 4641; baseline 0.001 -2"><span class='ocrx_word' id='word_1_730' title='bbox 2263 4582 2356 4639; x_wconf 84' lang='lat' dir='ltr'><strong>sed</strong></span> <span class='ocrx_word' id='word_1_731' title='bbox 2413 4584 2504 4637; x_wconf 89' lang='lat' dir='ltr'><strong>alii</strong></span> <span class='ocrx_word' id='word_1_732' title='bbox 2556 4598 2749 4637; x_wconf 86' lang='lat' dir='ltr'><strong>omnes</strong></span> <span class='ocrx_word' id='word_1_733' title='bbox 2787 4582 2857 4637; x_wconf 71' lang='lat'><strong>20</strong></span> <span class='ocrx_word' id='word_1_734' title='bbox 2911 4591 3120 4636; x_wconf 90' lang='lat' dir='ltr'><strong>tantum</strong></span> <span class='ocrx_word' id='word_1_735' title='bbox 3174 4593 3498 4636; x_wconf 62' lang='lat' dir='ltr'><strong>numerant;</strong></span> <span class='ocrx_word' id='word_1_736' title='bbox 3536 4582 3628 4635; x_wconf 87' lang='lat' dir='ltr'><strong>Sic</strong></span> <span class='ocrx_word' id='word_1_737' title='bbox 3689 4589 3845 4641; x_wconf 88' lang='lat' dir='ltr'><strong>enim</strong></span> 
     </span>
    </p>
   </div>
   <div class='ocr_carea' id='block_1_113' title="bbox 2260 4649 3850 4710">
    <p class='ocr_par' dir='ltr' id='par_1_113' title="bbox 2260 4649 3850 4710">
     <span class='ocr_line' id='line_1_113' title="bbox 2260 4649 3850 4710; baseline -0.001 0"><span class='ocrx_word' id='word_1_738' title='bbox 2260 4655 2500 4710; x_wconf 81' lang='lat' dir='ltr'><strong>Joannes</strong></span> <span class='ocrx_word' id='word_1_739' title='bbox 2547 4653 2926 4707; x_wconf 87' lang='lat' dir='ltr'><strong>Antiochenus</strong></span> <span class='ocrx_word' id='word_1_740' title='bbox 2959 4654 3012 4706; x_wconf 93' lang='lat' dir='ltr'><strong>in</strong></span> <span class='ocrx_word' id='word_1_741' title='bbox 3045 4666 3144 4707; x_wconf 88' lang='lat' dir='ltr'><strong>sua</strong></span> <span class='ocrx_word' id='word_1_742' title='bbox 3202 4653 3267 4705; x_wconf 89' lang='lat' dir='ltr'><strong>ad</strong></span> <span class='ocrx_word' id='word_1_743' title='bbox 3304 4649 3698 4708; x_wconf 88' lang='lat' dir='ltr'><strong>Collectionem</strong></span> <span class='ocrx_word' id='word_1_744' title='bbox 3746 4672 3850 4708; x_wconf 84' lang='lat' dir='ltr'><strong>ca-</strong></span> 
     </span>
    </p>
   </div>
   <div class='ocr_carea' id='block_1_114' title="bbox 2264 4722 3852 4793">
    <p class='ocr_par' dir='ltr' id='par_1_114' title="bbox 2264 4722 3852 4793">
     <span class='ocr_line' id='line_1_114' title="bbox 2264 4722 3852 4793; baseline 0 -15"><span class='ocrx_word' id='word_1_745' title='bbox 2264 4741 2465 4778; x_wconf 88' lang='lat' dir='ltr'><strong>nonum</strong></span> <span class='ocrx_word' id='word_1_746' title='bbox 2531 4722 2872 4793; x_wconf 60' lang='lat' dir='ltr'><strong>praefatione,</strong></span> <span class='ocrx_word' id='word_1_747' title='bbox 2923 4723 3046 4775; x_wconf 83' lang='grc' dir='ltr'><strong>Τῶν</strong></span> <span class='ocrx_word' id='word_1_748' title='bbox 3082 4725 3140 4774; x_wconf 82' lang='grc' dir='ltr'>ἐν</span> <span class='ocrx_word' id='word_1_749' title='bbox 3166 4722 3852 4793; x_wconf 23' lang='grc' dir='ltr'>Γάγγραιςμσυνελθόντων</span> 
     </span>
    </p>
   </div>
   <div class='ocr_carea' id='block_1_115' title="bbox 2263 4788 3849 4866">
    <p class='ocr_par' dir='ltr' id='par_1_115' title="bbox 2263 4788 3849 4866">
     <span class='ocr_line' id='line_1_115' title="bbox 2263 4788 3849 4866; baseline 0.001 -17"><span class='ocrx_word' id='word_1_750' title='bbox 2263 4788 2668 4866; x_wconf 32' lang='grc' dir='ltr'>Πατέρωνξ-ὑιίΐ</span> <span class='ocrx_word' id='word_1_751' title='bbox 2697 4788 2771 4866; x_wconf 79' lang='grc' dir='ltr'>ὧν</span> <span class='ocrx_word' id='word_1_752' title='bbox 2797 4793 3123 4866; x_wconf 65' lang='grc' dir='ltr'>ξξετέθησαν</span> <span class='ocrx_word' id='word_1_753' title='bbox 3148 4788 3373 4854; x_wconf 81' lang='grc' dir='ltr'>κανόνες</span> <span class='ocrx_word' id='word_1_754' title='bbox 3408 4790 3569 4866; x_wconf 54' lang='lat' dir='ltr'><strong>16.th</strong></span> <span class='ocrx_word' id='word_1_755' title='bbox 3604 4792 3849 4866; x_wconf 61' lang='lat' dir='ltr'><strong>Photinus</strong></span> 
     </span>
    </p>
   </div>
   <div class='ocr_carea' id='block_1_116' title="bbox 2261 4862 3848 4931">
    <p class='ocr_par' dir='ltr' id='par_1_116' title="bbox 2261 4862 3848 4931">
     <span class='ocr_line' id='line_1_116' title="bbox 2261 4862 3848 4931; baseline 0.001 -12"><span class='ocrx_word' id='word_1_756' title='bbox 2261 4866 2314 4919; x_wconf 90' lang='lat' dir='ltr'><strong>in</strong></span> <span class='ocrx_word' id='word_1_757' title='bbox 2346 4862 2444 4920; x_wconf 81' lang='lat' dir='ltr'><strong>suo</strong></span> <span class='ocrx_word' id='word_1_758' title='bbox 2481 4864 2665 4918; x_wconf 90' lang='lat' dir='ltr'><strong>itidem</strong></span> <span class='ocrx_word' id='word_1_759' title='bbox 2701 4862 2767 4916; x_wconf 89' lang='lat' dir='ltr'><strong>ad</strong></span> <span class='ocrx_word' id='word_1_760' title='bbox 2801 4862 3242 4917; x_wconf 66' lang='lat' dir='ltr'><strong>Nomociinonem</strong></span> <span class='ocrx_word' id='word_1_761' title='bbox 3279 4863 3568 4931; x_wconf 64' lang='lat' dir='ltr'><strong>procando,</strong></span> <span class='ocrx_word' id='word_1_762' title='bbox 3608 4865 3848 4920; x_wconf 81' lang='grc' dir='ltr'>Συνόδου</span> 
     </span>
    </p>
   </div>
   <div class='ocr_carea' id='block_1_117' title="bbox 2258 4931 3845 5006">
    <p class='ocr_par' dir='ltr' id='par_1_117' title="bbox 2258 4931 3845 5006">
     <span class='ocr_line' id='line_1_117' title="bbox 2258 4931 3845 5006; baseline 0.003 -19"><span class='ocrx_word' id='word_1_763' title='bbox 2258 4938 2358 5005; x_wconf 81' lang='grc' dir='ltr'>τῆς</span> <span class='ocrx_word' id='word_1_764' title='bbox 2395 4940 2451 4990; x_wconf 86' lang='grc' dir='ltr'>ὲν</span> <span class='ocrx_word' id='word_1_765' title='bbox 2481 4936 2727 5006; x_wconf 58' lang='grc' dir='ltr'>Γάγγρα</span> <span class='ocrx_word' id='word_1_766' title='bbox 2765 4935 2987 4997; x_wconf 85' lang='grc' dir='ltr'>κανόνες</span> <span class='ocrx_word' id='word_1_767' title='bbox 3018 4940 3089 4987; x_wconf 87' lang='grc' dir='ltr'><strong>κ’.</strong></span> <span class='ocrx_word' id='word_1_768' title='bbox 3151 4933 3364 5006; x_wconf 64' lang='lat' dir='ltr'><strong>Quibus</strong></span> <span class='ocrx_word' id='word_1_769' title='bbox 3391 5002 3403 5006; x_wconf 93' lang='lat'><strong>_</strong></span> <span class='ocrx_word' id='word_1_770' title='bbox 3424 4931 3845 5006; x_wconf 81' lang='lat' dir='ltr'><strong>Nomocanonis</strong></span> 
     </span>
    </p>
   </div>
   <div class='ocr_carea' id='block_1_118' title="bbox 2260 5002 3847 5069">
    <p class='ocr_par' dir='ltr' id='par_1_118' title="bbox 2260 5002 3847 5069">
     <span class='ocr_line' id='line_1_118' title="bbox 2260 5002 3847 5069; baseline 0 -10"><span class='ocrx_word' id='word_1_771' title='bbox 2260 5002 2481 5060; x_wconf 79' lang='lat' dir='ltr'><strong>Ai-abici</strong></span> <span class='ocrx_word' id='word_1_772' title='bbox 2541 5004 2594 5057; x_wconf 90' lang='lat' dir='ltr'><strong>in</strong></span> <span class='ocrx_word' id='word_1_773' title='bbox 2636 5002 2991 5058; x_wconf 79' lang='lat' dir='ltr'><strong>Bibliotheca</strong></span> <span class='ocrx_word' id='word_1_774' title='bbox 3052 5014 3238 5058; x_wconf 89' lang='lat' dir='ltr'><strong>nostra</strong></span> <span class='ocrx_word' id='word_1_775' title='bbox 3292 5002 3589 5069; x_wconf 77' lang='lat' dir='ltr'><strong>Bodleiana</strong></span> <span class='ocrx_word' id='word_1_776' title='bbox 3641 5018 3847 5059; x_wconf 88' lang='lat' dir='ltr'><strong>auctor</strong></span> 
     </span>
    </p>
   </div>
   <div class='ocr_carea' id='block_1_119' title="bbox 2259 5074 3848 5145">
    <p class='ocr_par' dir='ltr' id='par_1_119' title="bbox 2259 5074 3848 5145">
     <span class='ocr_line' id='line_1_119' title="bbox 2259 5074 3848 5145; baseline -0.001 -14"><span class='ocrx_word' id='word_1_777' title='bbox 2259 5079 2609 5145; x_wconf 66' lang='lat' dir='ltr'><strong>solli-agatur,</strong></span> <span class='ocrx_word' id='word_1_778' title='bbox 2667 5075 2853 5129; x_wconf 84' lang='lat' dir='ltr'><strong>dicens</strong></span> <span class='ocrx_word' id='word_1_779' title='bbox 2892 5093 2904 5128; x_wconf 90' lang='lat'><strong>:</strong></span> <span class='ocrx_word' id='word_1_780' title='bbox 2939 5074 3205 5141; x_wconf 80' lang='lat' dir='ltr'><strong>Septimus</strong></span> <span class='ocrx_word' id='word_1_781' title='bbox 3249 5085 3327 5127; x_wconf 84' lang='lat' dir='ltr'><strong>est</strong></span> <span class='ocrx_word' id='word_1_782' title='bbox 3385 5075 3516 5126; x_wconf 85' lang='lat' dir='ltr'><strong>liber</strong></span> <span class='ocrx_word' id='word_1_783' title='bbox 3573 5090 3848 5130; x_wconf 84' lang='lat' dir='ltr'><strong>canonum</strong></span> 
     </span>
    </p>
   </div>
   <div class='ocr_carea' id='block_1_120' title="bbox 2258 5145 3846 5214">
    <p class='ocr_par' dir='ltr' id='par_1_120' title="bbox 2258 5145 3846 5214">
     <span class='ocr_line' id='line_1_120' title="bbox 2258 5145 3846 5214; baseline 0.002 -16"><span class='ocrx_word' id='word_1_784' title='bbox 2258 5149 2400 5200; x_wconf 82' lang='lat' dir='ltr'><strong>tertii</strong></span> <span class='ocrx_word' id='word_1_785' title='bbox 2450 5145 2662 5198; x_wconf 78' lang='lat' dir='ltr'><strong>concilii</strong></span> <span class='ocrx_word' id='word_1_786' title='bbox 2710 5146 2764 5198; x_wconf 86' lang='lat' dir='ltr'><strong>in</strong></span> <span class='ocrx_word' id='word_1_787' title='bbox 2829 5145 3063 5214; x_wconf 81' lang='lat' dir='ltr'><strong>Gangra,</strong></span> <span class='ocrx_word' id='word_1_788' title='bbox 3101 5161 3202 5213; x_wconf 82' lang='lat' dir='ltr'><strong>quo</strong></span> <span class='ocrx_word' id='word_1_789' title='bbox 3257 5145 3560 5212; x_wconf 75' lang='lat' dir='ltr'><strong>quindecim</strong></span> <span class='ocrx_word' id='word_1_790' title='bbox 3613 5161 3846 5201; x_wconf 77' lang='lat' dir='ltr'><strong>numero</strong></span> 
     </span>
    </p>
   </div>
   <div class='ocr_carea' id='block_1_121' title="bbox 2256 5217 3847 5287">
    <p class='ocr_par' dir='ltr' id='par_1_121' title="bbox 2256 5217 3847 5287">
     <span class='ocr_line' id='line_1_121' title="bbox 2256 5217 3847 5287; baseline 0 -16"><span class='ocrx_word' id='word_1_791' title='bbox 2256 5219 2484 5287; x_wconf 75' lang='lat' dir='ltr'><strong>episwpi</strong></span> <span class='ocrx_word' id='word_1_792' title='bbox 2535 5219 2831 5284; x_wconf 83' lang='lat' dir='ltr'><strong>congregati</strong></span> <span class='ocrx_word' id='word_1_793' title='bbox 2884 5225 3025 5277; x_wconf 83' lang='lat' dir='ltr'><strong>sunt,</strong></span> <span class='ocrx_word' id='word_1_794' title='bbox 3086 5231 3266 5267; x_wconf 87' lang='lat' dir='ltr'><strong>eorum</strong></span> <span class='ocrx_word' id='word_1_795' title='bbox 3307 5231 3495 5287; x_wconf 65' lang='lat' dir='ltr'><strong>causa</strong></span> <span class='ocrx_word' id='word_1_796' title='bbox 3546 5217 3636 5282; x_wconf 84' lang='lat' dir='ltr'><strong>qui</strong></span> <span class='ocrx_word' id='word_1_797' title='bbox 3691 5226 3847 5271; x_wconf 81' lang='lat' dir='ltr'><strong>esu‘m</strong></span> 
     </span>
    </p>
   </div>
   <div class='ocr_carea' id='block_1_122' title="bbox 2257 5285 3849 5357">
    <p class='ocr_par' dir='ltr' id='par_1_122' title="bbox 2257 5285 3849 5357">
     <span class='ocr_line' id='line_1_122' title="bbox 2257 5285 3849 5357; baseline -0.001 -16"><span class='ocrx_word' id='word_1_798' title='bbox 2257 5285 2433 5342; x_wconf 82' lang='lat' dir='ltr'><strong>carnis</strong></span> <span class='ocrx_word' id='word_1_799' title='bbox 2456 5295 2505 5341; x_wconf 79' lang='lat' dir='ltr'><strong>et</strong></span> <span class='ocrx_word' id='word_1_800' title='bbox 2535 5288 2836 5356; x_wconf 60' lang='lat' dir='ltr'><strong>conjugmm</strong></span> <span class='ocrx_word' id='word_1_801' title='bbox 2873 5287 3260 5351; x_wconf 82' lang='lat' dir='ltr'><strong>improbabant,</strong></span> <span class='ocrx_word' id='word_1_802' title='bbox 3281 5285 3356 5357; x_wconf 58' lang='lat' dir='ltr'><strong>de</strong></span> <span class='ocrx_word' id='word_1_803' title='bbox 3386 5286 3572 5357; x_wconf 73' lang='lat' dir='ltr'><strong>quibus</strong></span> <span class='ocrx_word' id='word_1_804' title='bbox 3614 5287 3849 5357; x_wconf 76' lang='lat' dir='ltr'><strong>aliisque</strong></span> 
     </span>
    </p>
   </div>
   <div class='ocr_carea' id='block_1_123' title="bbox 2257 5353 3846 5427">
    <p class='ocr_par' dir='ltr' id='par_1_123' title="bbox 2257 5353 3846 5427">
     <span class='ocr_line' id='line_1_123' title="bbox 2257 5353 3846 5427; baseline 0.001 -15"><span class='ocrx_word' id='word_1_805' title='bbox 2257 5360 2411 5414; x_wconf 80' lang='lat' dir='ltr'><strong>rebus</strong></span> <span class='ocrx_word' id='word_1_806' title='bbox 2464 5359 2648 5427; x_wconf 78' lang='lat' dir='ltr'><strong>viginti</strong></span> <span class='ocrx_word' id='word_1_807' title='bbox 2695 5353 2920 5410; x_wconf 77' lang='lat' dir='ltr'><strong>canones</strong></span> <span class='ocrx_word' id='word_1_808' title='bbox 2957 5357 3288 5427; x_wconf 76' lang='lat' dir='ltr'><strong>ediderunt._</strong></span> <span class='ocrx_word' id='word_1_809' title='bbox 3312 5353 3444 5427; x_wconf 6' lang='lat' dir='ltr'><strong>Nec,</strong></span> <span class='ocrx_word' id='word_1_810' title='bbox 3474 5355 3658 5423; x_wconf 84' lang='lat' dir='ltr'><strong>plures</strong></span> <span class='ocrx_word' id='word_1_811' title='bbox 3699 5353 3846 5415; x_wconf 74' lang='lat' dir='ltr'><strong>sane</strong></span> 
     </span>
    </p>
   </div>
   <div class='ocr_carea' id='block_1_124' title="bbox 2257 5425 3852 5501">
    <p class='ocr_par' dir='ltr' id='par_1_124' title="bbox 2257 5425 3852 5501">
     <span class='ocr_line' id='line_1_124' title="bbox 2257 5425 3852 5501; baseline 0.002 -21"><span class='ocrx_word' id='word_1_812' title='bbox 2257 5447 2422 5501; x_wconf 85' lang='lat' dir='ltr'><strong>quam</strong></span> <span class='ocrx_word' id='word_1_813' title='bbox 2457 5425 2646 5501; x_wconf 63' lang='lat' dir='ltr'><strong>viginti</strong></span> <span class='ocrx_word' id='word_1_814' title='bbox 2694 5444 2740 5501; x_wconf 13' lang='lat' dir='ltr'><strong>ar</strong></span> <span class='ocrx_word' id='word_1_815' title='bbox 2775 5429 2939 5501; x_wconf 57' lang='lat' dir='ltr'><strong>veteri</strong></span> <span class='ocrx_word' id='word_1_816' title='bbox 2973 5427 3203 5501; x_wconf 76' lang='lat' dir='ltr'><strong>aliisque</strong></span> <span class='ocrx_word' id='word_1_817' title='bbox 3270 5425 3480 5501; x_wconf 56' lang='lat' dir='ltr'><strong>Latinis</strong></span> <span class='ocrx_word' id='word_1_818' title='bbox 3512 5427 3852 5494; x_wconf 86' lang='lat' dir='ltr'><strong>interpreti-</strong></span> 
     </span>
    </p>
   </div>
   <div class='ocr_carea' id='block_1_125' title="bbox 2257 5494 3852 5569">
    <p class='ocr_par' dir='ltr' id='par_1_125' title="bbox 2257 5494 3852 5569">
     <span class='ocr_line' id='line_1_125' title="bbox 2257 5494 3852 5569; baseline -0.003 -15"><span class='ocrx_word' id='word_1_819' title='bbox 2257 5494 2361 5558; x_wconf 77' lang='lat' dir='ltr'><strong>bus</strong></span> <span class='ocrx_word' id='word_1_820' title='bbox 2383 5541 2396 5564; x_wconf 93' lang='lat'><strong>,</strong></span> <span class='ocrx_word' id='word_1_821' title='bbox 2432 5513 2489 5555; x_wconf 89' lang='lat' dir='ltr'><strong>ut</strong></span> <span class='ocrx_word' id='word_1_822' title='bbox 2517 5494 2783 5569; x_wconf 83' lang='lat' dir='ltr'><strong>Dionysio</strong></span> <span class='ocrx_word' id='word_1_823' title='bbox 2808 5499 3036 5566; x_wconf 81' lang='lat' dir='ltr'><strong>Exiguo,</strong></span> <span class='ocrx_word' id='word_1_824' title='bbox 3072 5498 3281 5569; x_wconf 80' lang='lat' dir='ltr'><strong>isidoro</strong></span> <span class='ocrx_word' id='word_1_825' title='bbox 3313 5494 3635 5569; x_wconf 84' lang='lat' dir='ltr'><strong>Mercatore,</strong></span> <span class='ocrx_word' id='word_1_826' title='bbox 3661 5513 3852 5564; x_wconf 73' lang='lat' dir='ltr'><strong>agno-</strong></span> 
     </span>
    </p>
   </div>
   <div class='ocr_carea' id='block_1_126' title="bbox 2257 5568 3854 5638">
    <p class='ocr_par' dir='ltr' id='par_1_126' title="bbox 2257 5568 3854 5638">
     <span class='ocr_line' id='line_1_126' title="bbox 2257 5568 3854 5638; baseline -0.004 -10"><span class='ocrx_word' id='word_1_827' title='bbox 2257 5584 2520 5633; x_wconf 85' lang='lat' dir='ltr'><strong>scuntur;</strong></span> <span class='ocrx_word' id='word_1_828' title='bbox 2565 5568 2764 5638; x_wconf 88' lang='lat' dir='ltr'><strong>quibus</strong></span> <span class='ocrx_word' id='word_1_829' title='bbox 2793 5571 3052 5634; x_wconf 84' lang='lat' dir='ltr'><strong>nimirum</strong></span> <span class='ocrx_word' id='word_1_830' title='bbox 3076 5568 3331 5638; x_wconf 89' lang='lat' dir='ltr'><strong>omnibus</strong></span> <span class='ocrx_word' id='word_1_831' title='bbox 3364 5568 3456 5634; x_wconf 90' lang='lat' dir='ltr'><strong>qni</strong></span> <span class='ocrx_word' id='word_1_832' title='bbox 3496 5568 3725 5620; x_wconf 85' lang='lat' dir='ltr'><strong>ultimus</strong></span> <span class='ocrx_word' id='word_1_833' title='bbox 3751 5571 3854 5626; x_wconf 83' lang='lat' dir='ltr'><strong>hic</strong></span> 
     </span>
    </p>
   </div>
   <div class='ocr_carea' id='block_1_127' title="bbox 2258 5637 3852 5706">
    <p class='ocr_par' dir='ltr' id='par_1_127' title="bbox 2258 5637 3852 5706">
     <span class='ocr_line' id='line_1_127' title="bbox 2258 5637 3852 5706; baseline -0.001 -8"><span class='ocrx_word' id='word_1_834' title='bbox 2258 5644 2489 5698; x_wconf 80' lang='lat' dir='ltr'><strong>habetur</strong></span> <span class='ocrx_word' id='word_1_835' title='bbox 2517 5637 2718 5706; x_wconf 85' lang='lat' dir='ltr'><strong>canon,</strong></span> <span class='ocrx_word' id='word_1_836' title='bbox 2757 5640 2810 5692; x_wconf 88' lang='lat' dir='ltr'><strong>in</strong></span> <span class='ocrx_word' id='word_1_837' title='bbox 2845 5653 3116 5692; x_wconf 89' lang='lat' dir='ltr'><strong>canonum</strong></span> <span class='ocrx_word' id='word_1_838' title='bbox 3153 5637 3322 5706; x_wconf 87' lang='lat' dir='ltr'><strong>hujus</strong></span> <span class='ocrx_word' id='word_1_839' title='bbox 3354 5639 3579 5691; x_wconf 82' lang='lat' dir='ltr'><strong>concilii</strong></span> <span class='ocrx_word' id='word_1_840' title='bbox 3605 5654 3852 5697; x_wconf 79' lang='lat' dir='ltr'><strong>censuit.</strong></span> 
     </span>
    </p>
   </div>
   <div class='ocr_carea' id='block_1_128' title="bbox 2257 5708 3857 5778">
    <p class='ocr_par' dir='ltr' id='par_1_128' title="bbox 2257 5708 3857 5778">
     <span class='ocr_line' id='line_1_128' title="bbox 2257 5708 3857 5778; baseline -0.003 -10"><span class='ocrx_word' id='word_1_841' title='bbox 2257 5729 2365 5768; x_wconf 91' lang='lat' dir='ltr'><strong>non</strong></span> <span class='ocrx_word' id='word_1_842' title='bbox 2404 5714 2661 5775; x_wconf 83' lang='lat' dir='ltr'><strong>refertur,</strong></span> <span class='ocrx_word' id='word_1_843' title='bbox 2732 5711 2827 5764; x_wconf 91' lang='lat' dir='ltr'><strong>sed</strong></span> <span class='ocrx_word' id='word_1_844' title='bbox 2893 5718 3153 5778; x_wconf 85' lang='lat' dir='ltr'><strong>tanquam</strong></span> <span class='ocrx_word' id='word_1_845' title='bbox 3209 5708 3459 5776; x_wconf 82' lang='lat' dir='ltr'><strong>epilogus</strong></span> <span class='ocrx_word' id='word_1_846' title='bbox 3513 5708 3578 5762; x_wconf 86' lang='lat' dir='ltr'><strong>ad</strong></span> <span class='ocrx_word' id='word_1_847' title='bbox 3641 5727 3857 5771; x_wconf 79' lang='lat' dir='ltr'><strong>omnes</strong></span> 
     </span>
    </p>
   </div>
   <div class='ocr_carea' id='block_1_129' title="bbox 2257 5779 3386 5841">
    <p class='ocr_par' dir='ltr' id='par_1_129' title="bbox 2257 5779 3386 5841">
     <span class='ocr_line' id='line_1_129' title="bbox 2257 5779 3386 5841; baseline -0.009 0"><span class='ocrx_word' id='word_1_848' title='bbox 2257 5799 2521 5841; x_wconf 84' lang='lat' dir='ltr'><strong>canones.</strong></span> <span class='ocrx_word' id='word_1_849' title='bbox 2557 5798 2657 5838; x_wconf 89' lang='lat' dir='ltr'><strong>nec</strong></span> <span class='ocrx_word' id='word_1_850' title='bbox 2688 5779 2982 5837; x_wconf 87' lang='lat' dir='ltr'><strong>immerito.</strong></span> <span class='ocrx_word' id='word_1_851' title='bbox 3013 5779 3386 5836; x_wconf 74' lang='lat' dir='ltr'><strong>existimatur.</strong></span> 
     </span>
    </p>
   </div>
  </div>
