4076 6394
488 307 627 373 1243
1452 274 1455 277 θ
1757 322 2034 384 THEOD.
2072 322 2467 382 BALSAMON
3572 334 3725 398 12H

1048 435 1359 493 CANON
1421 439 1485 493 11.
2089 447 2131 501 Λ

1476 482 1485 493 .
2089 447 2131 501 Λ
2746 442 2983 496 ΚΑΝΩΝ
3012 444 3086 496 Β¹.

492 536 510 568 ι
550 516 606 572 Si
636 521 759 590 quis
798 538 944 585 eum,
996 527 1084 593 qui
1117 543 1333 581 carnem
1370 529 1489 583 sine
1521 530 1784 601 sanguine
1830 543 1884 586 et
1937 528 2058 587 ido-

2169 550 2187 579 ι
2228 531 2293 583 Εἴ
2314 549 2396 594 τις
2427 531 2672 586 ἐσθίοντα
2706 533 2841 601 κρέα
2872 534 3039 602 χωρὶς
3064 532 3298 603 αἳματος
3329 533 3425 587 καὶ
3454 535 3758 588 εἰδωλοθύ-

559 629 579 661 ι
620 612 830 683 lothyto
879 627 932 668 et
987 618 1253 673 sulIocato
1298 636 1420 673 cum
1476 621 1672 690 pietate
1720 632 1772 676 et
1818 623 1921 677 (ide
1963 639 2060 677 co-

2241 644 2259 675 ι
2298 642 2393 678 του
2419 626 2512 679 καὶ
2540 627 2766 679 πνικτοῦ
2796 628 2933 691 μετά
2958 626 3245 688 εὐλαϐείας
3270 626 3363 678 καὶ
3390 627 3625 689 πίστεως
3650 646 3760 680 κα-

560 722 579 755 ι
620 707 839 769 medit,.
871 718 1173 785 tanquam”
1232 724 1454 781 propter
1517 714 1830 782 huiusmodi
1870 732 2061 785 perce-

2242 738 2259 769 ι
2294 718 2562 789 τακρίνοι,
2608 720 2682 781 ὡς
2722 719 2787 772 ἂν
2826 718 2911 771 διὰ
2954 720 3015 770 τὸ
3066 718 3509 788 μεταλαμϐάνειν
3547 721 3758 774 ἐλπίδα

558 815 576 847 ι
616 799 881 867 ptionetn,
935 819 1085 871 spem
1114 821 1220 857 non
1256 806 1545 861 habentem
1582 809 1932 869 condemnat,
1988 810 2062 863 sit

1536 824 1545 860 I
1582 809 1932 869 condemnat.
1988 810 2062 863 sit
2243 832 2263 863 ι
2298 812 2375 884 μὴ
2407 813 2626 883 ἔχοντα,
2660 812 2906 882 ἀνάθεμα
2933 810 3089 863 έστω.
3128 830 3146 862 ι

560 907 582 940 ι
616 893 923 946 anathema.
968 914 987 945 ι

556 983 754 1037 BALS.
841 987 1117 1055 Scriptum
1167 999 1250 1043 est
1298 992 1350 1044 in
1404 992 1541 1045 libro
1593 994 1868 1059 Actuum,
1916 995 2060 1063 quod

2237 987 2428 1042 ΒΑΛΣ.
2462 988 2777 1057 Γέγραπται
2811 990 2867 1041 ὲν
2894 993 2957 1057 τῇ
2990 989 3158 1058 βίϐλῳ
3184 987 3292 1040 τῶν
3323 985 3581 1057 Πράξεων
3613 988 3702 1037 ὅτι
3732 1025 3754 1048 ,

483 1090 608 1129 cum
665 1085 784 1131 orta
824 1089 972 1134 esset
1027 1085 1401 1139 controversia
1449 1084 1515 1139 de
1560 1085 1981 1141 circumcisione
2009 1095 2063 1141 et

2165 1080 2494 1147 ἀμφιϐολίας
2521 1081 2817 1148 γενομένης
2846 1082 2893 1132 εί
2929 1079 3010 1132 δεῖ
3039 1080 3165 1142 τοὺς
3196 1080 3551 1140 πιστεύοντας
3581 1095 3758 1146 περι-

484 1169 866 1225 observatione
899 1172 1059 1242 legis,
1109 1191 1175 1227 au
1206 1176 1456 1231 lidelibus
1488 1188 1674 1231 essent
1706 1179 2060 1244 necessariae;

2165 1170 2459 1236 τέμνεσθαι
2493 1171 2584 1222 καὶ
2622 1175 2808 1240 τηρεῖν
2833 1171 2925 1223 τὸν
2960 1172 3144 1239 νόμον,
3173 1171 3202 1223 ὁ
3233 1174 3329 1239 μὲν
3358 1172 3467 1224 τῶν
3500 1170 3758 1223 ἀποστό-

481 1257 677 1315 Petrus
739 1263 957 1330 quidem
1034 1269 1411 1334 apostolorum
1483 1286 1730 1326 summus
1785 1288 1846 1325 ea
1902 1273 2061 1337 dixit,

2164 1261 2271 1314 λων
2301 1264 2725 1332 κορυφαιότατος
2752 1264 2954 1330 Πέτρος
2980 1264 3415 1334 ἐδημηγόρησεν,
3440 1264 3542 1315 ὅσα
3569 1265 3692 1315 ἐκεῖ
3726 1265 3758 1314 ὁ

483 1366 604 1420 ψιεε
636 1354 741 1407 illic
773 1354 989 1411 divinus
1020 1359 1237 1428 scripsit
1275 1359 1486 1416 Lucas:
1537 1361 1630 1417 Dei
1670 1373 1850 1418 autem
1901 1362 2068 1419 frater

2169 1354 2309 1415 θεῖος
2353 1357 2566 1417 Λουκᾶς
2599 1357 2884 1427 ἱστόρησεν
2907 1372 2920 1385 ⁸
2952 1358 2982 1409 6
3009 1357 3065 1408 δὲ
3110 1356 3435 1423 άδελφόθεος
3484 1356 3756 1417 Ἰάκωϐος

482 1443 718 1499 Jacobus
762 1446 902 1502 dixit
956 1465 1061 1502 non
1109 1466 1231 1505 esse
1282 1452 1529 1507 molestia
1584 1454 1894 1509 adiciendos
1950 1471 2066 1520 eos,

2167 1450 2270 1519 ἔφη
2306 1448 2377 1518 μὴ
2411 1449 2521 1501 δεῖν
2554 1451 2905 1519 παρενοχλεῖν
2950 1452 3061 1511 τοῖς
3094 1448 3200 1502 ἀπὸ
3228 1450 3335 1502 τῶν
3381 1450 3572 1509 ἐθνῶν,
3625 1450 3754 1500 ἀλλ’

483 1524 577 1603 qui
633 1547 791 1591 erant
848 1556 914 1593 ex
962 1542 1239 1609 gentibus,
1298 1542 1393 1597 sed
1442 1555 1698 1612 oportere
1745 1562 1841 1599 eos
1895 1546 2067 1601 absti-

2169 1543 2467 1612 ἀπέχεσθαι
2498 1544 2693 1605 αὐτοὺς
2718 1543 2823 1595 τῶν
2846 1542 3209 1595 εἰδωλοθύτων
3239 1542 3330 1596 καὶ
3357 1533 3452 1612 τῆς
3487 1542 3757 1610 πορνείας

484 1642 615 1680 nere
675 1628 743 1681 ab
806 1629 1131 1697 idolothytis
1203 1643 1256 1687 ct
1336 1635 1692 1692 fornicatione
1764 1647 1819 1691 et
1899 1640 2070 1695 sulTo-

2169 1632 2265 1686 καὶ
2308 1632 2401 1685 τοῦ
2433 1633 2655 1687 πνικτοῦ
2703 1635 2798 1686 καὶ
2847 1634 2939 1687 τοῦ
2984 1636 3238 1704 αἵματος.
3274 1633 3608 1695 Ἀκολούθως
3651 1632 3754 1688 οὖν

485 1728 612 1772 cato
655 1729 708 1773 et
755 1724 1041 1791 sanguine.
1113 1725 1525 1796 Consequenter
1572 1745 1744 1800 ergo,
1798 1733 1884 1800 qtti
1936 1748 2071 1787 con-

2171 1726 2268 1778 καὶ
2294 1728 2321 1777 6
2353 1727 2543 1797 παρὼν
2577 1727 2756 1781 κανὼν
2785 1729 3171 1797 ἀναθεματίζει
3212 1731 3335 1790 τοὺς
3377 1729 3751 1797 κατακρίνον-

484 1810 745 1867 demnant
791 1829 884 1869 eos
922 1856 936 1879 ,
986 1817 1079 1885 qui
1129 1833 1323 1873 carnes
1370 1824 1488 1875 sine
1537 1824 1757 1877 condito
1802 1827 2069 1893 sanguine

2139 1816 2142 1850 λ
2169 1835 2268 1880 τας
2292 1818 2382 1869 τὸν
2412 1820 2657 1873 ἐσθίοντα
2682 1820 2816 1888 κρέα
2846 1822 3009 1887 χωρὶς
3038 1821 3392 1888 ἐπιτηδευτοῦ
3442 1821 3679 1888 αἵματος
3711 1823 3749 1885 ἧ

484 1902 787 1975 idolothyto
821 1908 904 1961 vel
946 1909 1219 1965 sull‘ocato
1265 1913 1582 1976 comedunt,
1641 1931 1882 1984 pra-scus
1930 1934 2068 1987 quo-

2174 1911 2591 1983 είδωλοθὺτουῆ
2638 1916 2886 1967 πνικτοῦ.
2935 1914 3235 1983 Ἀνάγνωθι
3278 1918 3370 1967 καὶ
3417 1914 3523 1965 τῶν
3574 1914 3755 1980 ἁγίων

482 2009 591 2061 que
637 2010 813 2051 canon
868 2000 1316 2056 anathematizat.
1393 2002 1537 2075 Lege
1595 2016 1649 2060 et
1683 2022 1949 2062 canonetn
2002 2011 2070 2064 65

2178 2003 2484 2055 ἀποστόλων
2541 2006 2744 2057 κανόνα
2809 2006 2889 2074 ξγ’
2944 2006 3039 2060 καὶ
3094 2007 3191 2076 τῆς
3255 2006 3308 2071 ς’
3364 2007 3582 2059 συνόδου
3643 2016 3788 2059 δια-⁸

482 2097 798 2171 sanctorum
871 2095 1240 2161 apostolorum
1307 2092 1369 2151 et
1422 2094 1595 2153 sextae
1652 2100 1841 2170 synodi
1905 2116 2071 2156 cano-
2172 2095 2297 2149 νόνα
2335 2096 2430 2160 ξξό

480 2193 607 2233 nem
637 2180 725 2235 67.

554 2268 806 2329 ZUNAR.
869 2275 1146 2349 Scriptum
1180 2289 1358 2335 exstat
1391 2280 1444 2335 in
1474 2282 1629 2339 Actis
1677 2285 2069 2354 apostolorum,

2243 2276 2842 2346 ΖΩΝΑΡ..Γέγραπται
2885 2280 2941 2332 ἐν
2989 2281 3052 2348 τῇ
3107 2278 3269 2348 βίϐλῳ
3308 2278 3417 2330 τῶν
3464 2279 3760 2347 Πράξεων,

481 2382 607 2419 cum
652 2367 719 2421 de
764 2363 1149 2427 cirumcisione
1214 2374 1604 2443 ambigeretur,
1656 2391 1724 2428 an
1754 2390 1782 2428 a
1820 2374 2070 2431 ﬁdelibus

2171 2367 2253 2421 ὃτι
2274 2409 2288 2432 ,
2326 2370 2659 2438 ἀμφιϐολίας
2688 2373 2987 2440 γενομένης
3036 2376 3084 2425 εἰ
3124 2373 3204 2424 δεῖ
3233 2372 3359 2437 τοὺς
3390 2373 3760 2434 πιστεύοντας

483 2458 821 2515 admittenda
845 2504 861 2525 ,
914 2471 1081 2534 atque
1117 2465 1186 2519 ab
1214 2466 1403 2519 iisdem
1438 2471 1705 2522 servanda
1757 2469 1842 2524 lex
1876 2477 2022 2524 esset
2052 2508 2067 2532 ,

2173 2460 2595 2528 περιτέμνεσθαι
2645 2463 2740 2513 καὶ
2788 2465 2977 2531 τηρεῖν
3023 2463 3112 2514 τὸν
3165 2464 3361 2532 νόμον,
3414 2464 3441 2514 ὀ
3496 2464 3594 2529 μὲν
3642 2464 3758 2514 τῶν

481 2549 702 2605 Petrum
735 2555 957 2621 quidem
995 2558 1369 2625 apostolorum
1408 2562 1737 2629 principem
1766 2577 1884 2615 eam
1939 2577 2070 2617 con-

2172 2554 2484 2605 ἀποστόλων
2511 2555 2931 2624 κορυφαιότατος
2957 2556 3156 2625 Πέτρος
3181 2556 3620 2624 ἐδημηγόρησεν,
3650 2556 3755 2607 ὅσα

482 2641 697 2697 cionem
753 2646 1049 2712 habuisse,
1116 2665 1279 2719 quam
1340 2650 1562 2707 divinus
1621 2650 1800 2708 Lucas
1865 2654 2069 2709 ibidem

2172 2651 2285 2700 ἐκεῖ
2320 2649 2348 2698 6
2387 2648 2526 2709 θεῖος
2576 2650 2791 2710 Λουκᾶς
2852 2650 3170 2718 ἱστόρησεν·
3227 2651 3255 2701 6
3313 2648 3370 2701 δὲ
3430 2648 3749 2715 ἀδελφόθεος

482 2744 743 2791 enarrat:
779 2736 872 2791 Dei
904 2754 1034 2793 vero
1061 2741 1283 2795 fratrem
1314 2741 1577 2798 Jacobum
1610 2748 1915 2811 censuisse,
1954 2764 2061 2803 non

2185 2743 2436 2806 Ἰάκωϐος
2470 2743 2574 2812 ἔφη
2638 2742 2711 2813 μὴ
2754 2742 2863 2795 δεῖν
2906 2742 3263 2811 παρενοχλεῖν
3323 2745 3437 2803 τοῖς
3483 2740 3593 2793 ἀπὸ
3643 2741 3759 2793 τῶν

481 2839 605 2879 esse
649 2828 893 2882 molestia
933 2831 1250 2888 alliciendos
1298 2850 1413 2897 eos,
1466 2836 1561 2904 qui
1613 2846 1771 2891 erant
1823 2854 1889 2892 ex
1943 2856 2072 2906 gen-

2172 2835 2363 2899 ὲθνῶν,
2395 2835 2515 2889 ἀλλ’
2539 2835 2841 2905 ἀπέχεσθαι
2870 2834 3069 2894 αὐτοὺς
3098 2834 3205 2885 τῶν
3232 2833 3623 2893 εἰδωλοθύτων,
3657 2834 3757 2884 καὶ

481 2918 671 2981 tibus.‘
702 2919 869 2991 418
922 2924 1016 2978 sed
1066 2935 1297 2993 tantum,
1348 2938 1407 2983 ut
1456 2931 1525 2984 ab
1568 2930 1906 3003 idolothytis,
1959 2934 2071 2988 fcr-

2169 2932 2270 2999 τῆς
2321 2929 2601 2999 πορνείας,
2647 2928 2742 2981 καὶ
2782 2928 2877 2979 τοῦ
2922 2928 3169 2991 πνικτοῦ,
3212 2930 3307 2980 καὶ
3352 2927 3444 2978 τοῦ
3496 2927 3758 2995 αἵματος.

482 3009 791 3076 nicatioue,
833 3015 1101 3069 suﬂ‘ocato
1142 3028 1195 3073 et
1223 3020 1489 3089 sanguine
1521 3023 1881 3089 abstinerent,
1934 3041 2070 3095 pra:-

2170 3024 2386 3093 Ταύτην
2414 3021 2513 3093 τὴν
2547 3022 2913 3092 άποστολικὴν
2952 3021 3217 3091 διαταγὴν
3242 3019 3540 3092 τηροῦντες
3582 3020 3680 3071 καὶ
3708 3022 3758 3071 οἱ

482 3104 817 3171 eipiendum.
942 3108 1094 3166 Hane
1167 3116 1526 3183 apostolicam
1612 3120 2064 3175 constitutionem

2170 3118 2270 3187 τῆς
2327 3116 2613 3188 παρούσης
2644 3117 2883 3179 συνόδου,
2918 3115 3005 3168 τὸν
3034 3114 3282 3168 ἐσθίοντα
3314 3114 3472 3182 κρέα,
3525 3112 3622 3164 καὶ
3656 3114 3763 3180 οὐχ

482 3206 770 3253 servantes
805 3199 968 3270 hujus
1002 3220 1220 3274 quoque
1243 3208 1435 3278 synodi
1466 3208 1675 3275 Patres,
1730 3213 1771 3266 si
1805 3214 1929 3281 quis
1954 3223 2069 3268 tan-

2172 3207 2313 3281 αἷμα
2366 3209 2428 3275 ἐξ
2476 3210 2877 3278 ἐπιτηδεύσεως
2921 3209 3184 3278 ἑψόμενον
3240 3210 3332 3259 καὶ
3380 3204 3762 3275 πηγνύμενον,

482 3295 599 3341 tum
635 3305 831 3347 carnes
865 3297 1188 3362 comederit,
1239 3314 1347 3353 non
1404 3310 1587 3354 autem
1638 3306 1962 3371 sanguinem
2000 3307 2068 3361 de

2174 3301 2299 3356 οὔτε
2325 3301 2429 3372 μὴν
2447 3300 2817 3366 εἰδωλόθυτον,
2842 3298 2967 3353 οὕτε
2986 3298 3230 3362 πνικτὸν,
3256 3298 3331 3367 μὴ
3351 3295 3767 3367 βδελύττεσθαι,

482 3374 754 3435 industria
812 3382 1094 3438 decoctum
1148 3398 1201 3440 et
1231 3390 1575 3457 coagulatum
1606 3432 1620 3455 ,
1673 3410 1850 3463 neque
1903 3396 2058 3451 idolo

2180 3396 2315 3467 μηδὲ
2347 3395 2770 3463 κατακρίνεσθαι
2800 3394 2998 3463 ὦρισε’
3030 3393 3121 3445 τὸν
3143 3393 3199 3444 δὲ
3228 3390 3629 3460 κατακρίνοντα
3663 3392 3773 3443 αὺ-

482 3471 723 3537 ttiytum,
767 3490 945 3543 neque
979 3476 1330 3546 sull‘ocatum,
1384 3497 1505 3536 eum
1556 3499 1657 3539 nec
1700 3487 1827 3541 odio
1867 3488 2073 3555 haben;

1419 3498 1505 3536 um
1556 3499 1657 3539 nec
1700 3487 1827 3541 odio
1867 3488 2073 3555 haben;
2177 3492 2267 3541 τὸν
2301 3488 2404 3541 ὑπὸ
2434 3488 2682 3556 ἀνάθεμα
2713 3489 3024 3558 ἐποιήσατο.

484 3561 639 3621 dum.
678 3580 853 3635 neque
880 3569 1247 3626 damnandum
1278 3589 1401 3629 esse
1433 3573 1757 3645 decrevere;
1791 3596 1853 3635 ac
1875 3583 1919 3635 si
1947 3583 2069 3650 quis
2108 3582 2384 3638 hominem
2414 3598 2537 3639 eum
2573 3583 2864 3647 damnarit,
2917 3580 3283 3635 anathematis
3350 3592 3510 3647 poena
3578 3584 3771 3637 teneri

481 3672 718 3725 jussere.
1568 3680 1571 3685 '
1911 3735 1915 3739 δ

485 3753 712 3809 ARIST.
782 3774 802 3807 ι
838 3754 904 3809 Et
951 3757 1336 3813 condemnanti
1375 3775 1568 3815 carnes
1616 3762 2062 3831 manducantem,

2211 3769 2437 3822 ΑΡΙΣΤ.
2471 3787 2489 3818 ι
2534 3768 2644 3820 Καὶ
2678 3766 2754 3835 τῷ
2780 3765 3161 3834 κατακρίνοντι
3200 3764 3291 3817 τὸν
3325 3764 3770 3835 κρεωφαγοῦντα

614 3857 843 3916 excepto
887 3847 1193 3913 suﬂ’ocato,
1244 3858 1299 3903 et
1342 3851 1500 3906 idolis
1552 3854 1878 3923 immolato},
1931 3875 2066 3911 ana-

2041 3887 2066 3900 -
2360 3884 2377 3912 ι
2413 3863 2534 3933 δίχα
2558 3861 2784 3914 πνικτοῦ
2808 3862 2903 3913 καὶ
2938 3860 3285 3913 εἰδωλοθύτου
3310 3860 3581 3927 ἀνάθεμα.
3630 3883 3647 3911 ι

566 3959 584 3990 ι
621 3940 827 3996 thema.
860 3961 878 3993 ι

1054 4038 1359 4097 CANON
1410 4044 1500 4099 Ill.

2792 4040 3030 4096 ΚᾹΝΩΝ
3062 4040 3115 4093 I"

496 4147 515 4179 ‹
551 4128 605 4183 Si
639 4131 760 4197 quis
791 4130 983 4184 doceat
1014 4146 1229 4185 servum
1266 4136 1480 4202 pictatis
1509 4148 1767 4207 prattextu
1789 4138 2072 4191 dominum

2188 4161 2206 4193 ι
2244 4140 2311 4193 Εἴ
2333 4158 2416 4202 τις
2445 4139 2630 4194 δοῦλον
2667 4138 2939 4209 προφάσει
2974 4134 3282 4197 θεοσεϐείας
3310 4135 3551 4188 διδάσκει
3582 4151 3770 4188 κατα-

569 4239 586 4269 ι
623 4229 999 4283 contemnere,
1048 4235 1100 4276 et
1148 4240 1177 4279 a
1228 4227 1534 4283 ministerio
1565 4232 1841 4295 recedere,
1873 4240 1926 4284 et
1956 4248 2066 4284 non

2255 4254 2272 4284 ι
2314 4234 2527 4302 φρονεῖν
2550 4231 2834 4296 δεσπότου,
2863 4229 2958 4283 καὶ
2982 4231 3288 4298 ἀναχωρεῖν
3314 4231 3413 4293 τῆς
3450 4228 3776 4295 ὑπηρεσίας

569 4331 587 4362 ι
632 4328 757 4366 cum
792 4316 1169 4369 benevolentia
1200 4328 1252 4372 et
1286 4324 1431 4375 omni
1477 4324 1684 4377 honore
1716 4322 1937 4376 domino
1964 4337 2067 4378 suo

2255 4345 2271 4378 t
2312 4328 2405 4379 καὶ
2438 4325 2513 4395 μὴ
2563 4325 2681 4393 μετ’
2714 4324 2928 4386 εὐνοίας
2968 4323 3065 4375 καὶ
3103 4323 3282 4391 πάσης
3319 4322 3486 4390 τιμῆς
3524 4320 3600 4389 τῷ
3634 4322 3776 4373 ἑαυ-

573 4424 590 4455 ι
632 4406 918 4467 inservire.
953 4409 1022 4461 sit
1053 4410 1362 4465 anathema.
1402 4432 1421 4464 ι

2250 4436 2269 4468 ι
2308 4416 2403 4470 τοῦ
2435 4415 2671 4487 δεσπότῃ
2700 4414 3181 4484 ὲξυπηρετεῖσθαι,
3226 4412 3475 4480 ἀνάθεμα
3530 4411 3693 4466 ἔστω.
3750 4435 3770 4465 ι

564 4496 757 4550 BALS.
809 4498 1033 4567 Magnus
1060 4500 1257 4557 Paulus
1290 4507 1541 4561 scribens
1572 4508 1638 4561 ad
1691 4508 2061 4571 Timotheum,
2093 4553 2145 4610 Ι)

2242 4509 2439 4562 ΒΑΛΣ.
2509 4511 2567 4562 Ὀ
2595 4507 2765 4577 μέγας
2817 4506 3027 4568 Παῦλος
3059 4506 3192 4569 (‘20),
3228 4506 3560 4558 ἐπιστέλλων
3588 4506 3778 4574 Τιμο-

493 4589 668 4656 inquit
719 4588 1067 4662 :Quicunque
1115 4607 1236 4649 sunt
1289 4599 1382 4650 sub
1424 4598 1555 4665 jugo
1594 4600 1766 4660 servi,
1827 4588 2103 4653 dominosi

2174 4606 2281 4675 θέῳ
2301 4646 2316 4671 ,
2341 4603 2505 4673 φησίν
2530 4619 2543 4631 ³
2578 4603 2754 4655 ’Ὅσοι
2792 4599 2953 4653 εἰσὶν
2984 4598 3103 4653 ὑπὸ
3135 4597 3312 4666 ζυγὸν
3340 4596 3550 4649 δοῦλοι
3572 4636 3587 4659 ,
3617 4596 3778 4660 τοὺς

492 4700 617 4737 suos
654 4685 795 4736 omni
821 4687 1015 4740 honore
1044 4688 1226 4757 dignos
1268 4700 1470 4757 putent.
1550 4690 1654 4753 Qui
1690 4703 1862 4743 autem
1897 4693 2074 4759 ﬁdeles

2177 4697 2366 4761 ἰδίους
2391 4695 2690 4758 δεσπότας
2714 4690 2916 4757 πάσης
2935 4688 3108 4758 τιμῆς
3126 4689 3335 4752 ἀξίους
3355 4687 3778 4755 ἡγείσθωσαν.

494 4775 682 4828 habent
724 4776 981 4845 dominos,
1032 4798 1094 4834 ne
1128 4791 1488 4841 Contemnunt,
1539 4784 1675 4850 quod
1707 4784 1901 4847 fratres
1934 4786 2073 4851 sint;

2181 4796 2243 4845 Οἱ
2274 4789 2343 4843 δὲ
2371 4788 2629 4851 πιστοὺς
2657 4788 2902 4853 ἔχοντες
2932 4784 3232 4846 δεσπότας
3258 4781 3344 4849 μὴ
3378 4783 3783 4847 καταφρονεί-

494 4868 584 4921 sed
627 4874 793 4938 magis
832 4875 1085 4937 serviant,
1137 4874 1388 4942 quoniam
1422 4886 1545 4926 sunt
1584 4875 1787 4941 ﬁdeles.
1824 4880 1913 4945 qui
1942 4879 2076 4933 bono

2181 4896 2403 4945 τωσαν,
2459 4879 2547 4931 ὅτι
2598 4878 2847 4944 ἀδελφοί
2891 4877 3081 4927 εἰσιν·
3129 4874 3291 4926 ἀλλὰ
3324 4872 3567 4940 μᾶλλον
3616 4870 3779 4923 δέους

392 4980 407 4987 ν
494 4980 673 5016 eorum
705 4982 853 5029 opere
883 4968 1191 5036 fruuntur’.
1256 4968 1317 5020 Et
1346 4968 1410 5020 ad
1440 4965 1621 5021 Titum
1644 4986 1853 5031 rursus,
1890 4988 2002 5039 pra)

2180 4974 2548 5034 ⁸ιῖευέτωσαν,
2596 4973 2683 5025 ὅτι
2732 4970 2937 5023 πιστοί
2976 4970 3135 5021 εἰσιν
3182 4969 3236 5019 οἱ
3265 4965 3375 5033 τῆς
3414 4966 3782 5032 εὐεργεσίας

497 5055 655 5124 piens
686 5058 815 5126 quid
847 5060 1043 5113 docere
1065 5068 1338 5127 oporteat,
1368 5070 1565 5129 prmter
1595 5063 1696 5115 alia
1727 5062 1829 5115 hoc
1851 5080 2070 5132 quoque

2178 5064 2773 5133 ἀντιλαμϐανόμενοι.
2812 5064 2920 5115 Καὶ
2949 5061 3026 5128 τῷ
3075 5060 3218 5128 Τίτῳ
3243 5058 3299 5110 δὲ
3336 5054 3491 5117 αὖθις
3526 5054 3784 5107 ἐντελλό-

498 5147 673 5203 dicit:
727 5148 912 5204 Servos
950 5152 1061 5203 suis
1112 5151 1340 5203 dominis
1388 5153 1599 5221 subjici,
1647 5165 1695 5208 et
1740 5157 1793 5208 in
1831 5157 2071 5210 omnibus

2183 5174 2342 5226 μενος
2389 5155 2511 5206 τίνα
2552 5154 2825 5206 διδάσκειν
2865 5150 3061 5222 χρεὼν,
3102 5150 3238 5209 πρὸς
3288 5150 3400 5208 τοῖς
3446 5146 3625 5199 ἄλλοις
3671 5146 3777 5196 καὶ

500 5236 624 5292 bene
652 5241 914 5307 placentes
993 5259 1094 5294 non
1127 5246 1563 5311 contradicentes,
1603 5265 1707 5302 non
1735 5258 2072 5319 arrogantes,

2180 5246 2356 5300 ταῦτά
2390 5262 2553 5314 φησι·
2596 5245 2863 5309 Δούλους
2909 5242 3084 5307 ἰδίοις
3136 5238 3459 5302 δεσπόταις
3503 5235 3776 5291 ὑποτάτ-

617 5400 630 5426 ¹
663 5402 679 5456 Ι
712 5400 953 5455 Timuth.
988 5402 1219 5461 ut,1.?...

1691 5495 1879 5557 Guill.
1923 5496 2243 5572 Beveregii
2290 5504 2477 5556 notze.

576 5617 685 5683 (‘20)
731 5617 789 5671 '0
807 5617 993 5687 μέγας
1029 5621 1287 5685 Παῦλός.
1326 5621 1449 5675 llaec
1480 5619 1816 5673 Balsamonis
1843 5624 1894 5673 iu
1930 5622 2075 5673 hunc
2186 5620 2480 5675 Bodleiano
2513 5620 2917 5689 supplevitnus;
2952 5619 3044 5674 cui
3078 5618 3243 5674 etiam
3274 5614 3663 5671 Antiocheuus
3705 5614 3763 5668 iu

506 5703 776 5742 canonem
811 5692 1017 5743 scholia
1046 5693 1100 5745 iu
1136 5691 1432 5745 Parisiensi
1491 5693 1735 5744 editione
1794 5696 2076 5759 quamptu-
2183 5693 2444 5747 omnibus
2474 5694 2770 5748 consentit.

510 5760 664 5815 rimis
709 5760 921 5815 lacunis
968 5766 1197 5829 scatent,
1233 5777 1371 5831 quas
1402 5778 1592 5817 omnes
1642 5778 1706 5818 ex
1737 5778 1837 5817 IIIS.
1883 5774 2074 5816 nostro
