4076 6446
447 400 584 466 1245

1585 407 1664 468 IN
1707 406 1872 469 CAN.
1917 407 2007 466 Ill
2037 350 2246 467 COINC.
2279 409 2570 469 GANGR.

3536 393 3684 460 1946

432 517 638 568 τεσθαι
658 554 673 577 ,
700 515 796 570 καὶ
828 518 896 569 ἐν
926 517 1116 572 πᾶσιν
1147 522 1514 589 εὐαρέστους
1539 517 1691 575 εἶναι
1714 524 1799 592 μὴ
1839 524 2002 578 ἀντι·

3087 477 3095 498 ι

2113 527 2198 579 sed
2228 524 2384 585 ﬁdem
2415 539 2618 578 onmem
2653 523 2842 576 bonam
2888 519 3211 576 ostendentes
3240 521 3298 592 ’.ν
3375 516 3480 570 Eos
3529 531 3682 586 ergo.

432 608 743 674 λέγοντας,
771 607 854 676 μὴ
877 609 1367 678 νοσφιζομένους,
1393 612 1554 666 ἀλλὰ
1575 613 1784 668 πίστιν
1801 615 2009 668 πᾶσαν

432 699 928 771 ἐνδεικνυμένους
965 705 1216 773 ἀγαθήν.
1264 706 1400 770 Τοὺς
1432 707 1562 775 γοῦν
1590 707 1852 759 τάναντία
1885 706 2009 759 τού-

432 811 548 856 τοις
575 795 926 858 ὑποτιθέντας
953 800 1064 860 τοῖς
1090 797 1296 861 δούλοις
1319 800 1462 866 τάχα
1489 798 1575 852 διὰ
1599 798 1853 868 ἄσκησιν,
1875 800 2008 850 ἀνα-

433 881 713 950 θεματίζει
735 885 764 935 ὁ
794 885 991 940 κανών.
1033 888 1097 939 Ἢ
1127 889 1308 956 μέντοι
1346 887 1430 953 Eg’
1451 889 1618 957 νεαρὰ
1635 887 1725 941 τοῦ
1745 887 2010 956 βασιλέως

432 972 620 1043 κυρίου
670 975 896 1039 Λέοντος
943 977 1036 1029 τοῦ
1087 978 1378 1045 φιλοσόῲου
1431 979 1865 1048 παρακελεύεται
1916 979 2009 1031 τὸν

435 1066 863 1138 ἀνδραποδιστὴν
906 1071 978 1140 μὴ
1029 1072 1331 1139 κεφαλικὴν
1373 1073 1643 1142 τιμωρίαν
1682 1072 2009 1139 ὑφίστασθαι

433 1158 574 1210 κατὰ
605 1159 696 1211 τὸν
718 1163 946 1214 παλαιὸν
974 1163 1158 1230 νόμον,
1197 1163 1330 1216 ἀλλὰ
1360 1165 1454 1216 σὺν
1478 1167 1543 1232 τῇ
1570 1164 1880 1233 ἀναστροφῇ
1913 1161 2007 1215 τοῦ

431 1247 617 1300 δούλου
664 1250 862 1304 διδόναι
916 1253 1078 1323 χάριν
1121 1256 1310 1322 ποινῆς
1357 1257 1436 1316 είς
1476 1254 1536 1306 τὸ
1580 1255 1864 1308 διπλάσιον
1910 1255 2009 1324 τὴν

432 1338 750 1409 διατίμησιν
794 1343 902 1396 τῶν
957 1345 1271 1399 κλαπέντων
1319 1347 1472 1417 παρὰ
1515 1348 1607 1400 τοῦ
1658 1347 1842 1399 δούλου
1883 1347 2010 1408 ἴσως

437 1434 528 1486 καὶ
575 1436 1150 1507 παντὸς-διαφέροντος
1185 1440 1262 1509 τῷ
1296 1440 1530 1512 δεσπότῃ
1560 1460 1570 1471 ·
1602 1440 1738 1494 ἀλλὰ
1773 1441 1878 1510 μὴν
1915 1441 2010 1492 καὶ

433 1527 531 1594 τὴν
555 1527 977 1598 ἁποδιατέμησιν
1008 1530 1198 1585 αὑτοῦ.
1233 1532 1340 1584 Καὶ
1375 1535 1402 1584 ὁ
1429 1531 1525 1602 μὲν
1548 1532 1726 1583 κανὼν
1754 1531 1895 1584 οὕτω
1921 1547 2012 1583 κο-

433 1617 586 1682 λάζει
625 1621 750 1683 τοὺς
789 1619 1212 1694 ὑποτιθεμένους
1242 1625 1461 1688 δούλους
1499 1629 1574 1697 μὴ
1613 1629 1860 1681 ὑπείκειν
1897 1629 2011 1689 τοῖς

433 1709 740 1778 δεσπόταις,
776 1714 880 1767 κᾶν
905 1719 1022 1769 κατ’
1052 1719 1336 1782 εὐλαϐείας
1364 1721 1638 1790 πρόφασιν
1664 1719 1821 1773 τοῦτο
1855 1720 2011 1789 γίνη-

433 1814 524 1850 ται
552 1815 565 1828 ⁵
598 1801 632 1870 ἡ
658 1801 714 1853 δὲ
746 1803 888 1856 κατὰ
919 1806 1011 1858 τὸν
1049 1806 1266 1861 Ἰούλιον
1295 1810 1440 1879 μῆνα
1470 1811 1567 1877 τῆς
1603 1809 1646 1860 θ’
1685 1809 2011 1870 ίνδικτιῶνος

2109 616 2202 686 qui
2242 617 2418 672 servis
2451 613 2724 669 contraria
2761 620 3082 684 suggeruut,
3132 611 3202 664 oh
3235 607 3682 663 exercitationem

2111 706 2251 761 forte
2282 707 2648 776 spiritualem,
2680 718 2852 758 canon
2880 700 3324 756 anathematizat.
3410 695 3530 751 Jam
3558 711 3684 748 vero

2110 799 2465 868 imperatoris
2517 797 2722 852 domini
2750 795 2950 851 Leonis
3001 792 3307 864 philosophi
3348 790 3558 845 novella
3595 787 3685 845 66.

2104 887 2352 957 jubet-tut
2387 888 2685 958 plagiarius
2730 902 2838 940 non
2873 887 3065 940 subeat
3104 897 3320 954 pcenam
3363 880 3584 950 capitis,
3629 889 3682 932 ut

2109 983 2326 1037 volebat
2363 982 2459 1040 .lex
2511 981 2770 1050 antiqua:
2820 980 2914 1034 sed
2967 992 3090 1032 cum
3141 976 3283 1031 servi
3337 973 3685 1029 restitutione

2111 1074 2199 1128 det
2250 1074 2369 1159 loco
2417 1088 2591 1141 paenae
2646 1075 2697 1127 in
2748 1072 2968 1140 duplum
3017 1069 3248 1139 pretium
3282 1082 3472 1122 eorum
3505 1081 3625 1146 quae
3657 1081 3684 1116 a

2111 1163 2268 1221 servo
2299 1166 2439 1220 forte
2471 1165 2618 1220 furto
2649 1177 2894 1234 surrepta
2928 1175 3080 1227 sunt,
3129 1172 3182 1217 et
3217 1163 3397 1217 omnis
3430 1161 3548 1228 ejus
3585 1159 3686 1220 rei,

2111 1275 2234 1329 quae
2265 1259 2471 1313 domini
2510 1260 2770 1324 interest;
2825 1257 3123 1327 quinetiam
3175 1265 3227 1310 et
3277 1254 3398 1323 ejus
3428 1253 3686 1320 pretium.

2111 1351 2176 1404 Et
2211 1367 2386 1405 canon
2417 1352 2634 1421 quidem
2666 1367 2760 1406 eos
2792 1350 2871 1406 sic
2903 1349 3077 1418 punit,
3130 1349 3222 1415 qui
3277 1346 3449 1400 servis
3495 1359 3690 1412 sugge-

2112 1452 2281 1508 runt,
2337 1459 2444 1499 non
2478 1460 2601 1499 esse
2642 1444 2942 1512 parendum
2992 1441 3264 1496 dominis:
3317 1437 3532 1493 etiamsi
3588 1435 3690 1488 hoc

2112 1533 2204 1586 ﬁat
2239 1543 2501 1603 pra-textu
2533 1533 2835 1602 religionis.
2913 1532 3044 1597 Qute
3069 1541 3248 1584 autem
3297 1541 3483 1581 mense
3523 1525 3688 1586 Julio,

2112 1627 2302 1680 indict.
2339 1625 2392 1692 9,
2422 1643 2565 1681 anno
2597 1626 2760 1692 6554,
2813 1625 2882 1679 ab
2925 1625 3249 1692 imperatore
3295 1619 3515 1673 domino
3549 1618 3692 1671 Cou-

2112 1718 2354 1774 stantino
2374 1717 2884 1788 Porphyrogenneta
2909 1716 3052 1768 facta
3072 1723 3157 1770 est
3181 1711 3412 1774 novella,
3463 1708 3694 1764 sanctis-

2115 1811 2254 1865 simo
2283 1824 2504 1879 quoque
2535 1808 2848 1878 patriarcha
2878 1807 3100 1861 domino
3133 1804 3344 1867 Alexio,
3395 1811 3451 1855 et
3481 1801 3692 1870 synodo

432 1890 528 1943 τοῦ
567 1894 721 1958 ςφλδ¹
755 1894 910 1958 ἔτους
939 1900 1206 1968 γενομένη
1236 1903 1406 1968 νεαρὰ
1441 1902 1594 1972 παρὰ
1617 1901 1710 1954 τοῦ
1745 1901 2010 1969 βασιλέως

2117 1902 2466 1965 assentiente,
2521 1916 2643 1971 quae
2676 1881 2982 1955 decisionis
3005 1899 3184 1952 locum
3217 1896 3445 1954 obtinet,
3487 1904 3541 1946 ut
3570 1909 3692 1960 qu:u

437 1983 603 2050 κυροῦ
623 1985 1029 2040 Κωνσταντίνου
1059 1989 1151 2041 τοῦ
1185 1992 1725 2061 Πορφυρογεννήτου,
1753 1992 2010 2060 συμπρά-

437 2073 626 2138 ξαντος
664 2079 760 2129 καὶ
805 2078 900 2131 τοῦ
937 2080 1056 2133 τότε
1093 2083 1397 2149 ἁγιωτάτου
1430 2087 1772 2154 πατριάρχου
1814 2085 2006 2153 κυρίου

449 2164 722 2232 Ἀλεξίου,
755 2171 849 2222 καὶ
881 2171 980 2238 τῆς
1017 2173 1232 2226 συνόδου
1258 2218 1270 2236 ,
1305 2175 1338 2244 ή
1371 2178 1465 2227 καί
1495 2176 1648 2242 τάξιν
1678 2176 1846 2244 τόμον
1881 2178 2011 2228 ἐπέ-

436 2274 610 2326 χουσα
631 2299 647 2326 ,
675 2261 751 2323 ὼς
783 2261 1164 2332 ὑπογραφεῐσα
1196 2268 1348 2336 παρὰ
1376 2266 1468 2319 τοῦ
1502 2268 1766 2337 βασιλέως
1798 2268 1891 2321 καὶ
1915 2269 2010 2336 τῆς

440 2351 693 2414 συνόδου,
749 2353 1277 2425 καὶηδιοριζομένης
1333 2357 1828 2425 ἁναθεματίζεσθαι
1885 2359 2012 2421 τοὺς

437 2444 854 2516 ἐπιχειροῦντας
881 2447 1220 2501 ἀποστασίαν
1255 2452 1393 2502 κατὰ
1427 2449 1690 2520 βασιλέως
1720 2453 1942 2531 πονῆσαι
1974 2451 2008 2522 ἢ

437 2535 762 2606 τυραννίδα,
800 2539 1096 2592 κάντεῦθεν
1127 2544 1252 2606 τοὺς
1289 2543 1564 2612 ὑπηκόους
1607 2545 1743 2597 κατὰ
1777 2544 1885 2597 τῶν
1913 2547 2014 2596 αὑ·-

439 2625 640 2680 θεντῶν
681 2629 860 2681 αὐτῶν
908 2631 1364 2693 ἀναστατοῦντας.
1413 2634 1703 2704 διορίζεται
1737 2635 1875 2704 μετὰ
1907 2635 2013 2687 τῶν

438 2717 614 2772 ἄλλων
644 2737 709 2773 πε
721 2723 772 2789 ρἰ
800 2721 861 2773 τδ
888 2722 1037 2784 τέλος
1069 2726 1161 2776 καὶ
1187 2727 1359 2778 ταῦτα
1391 2727 1566 2797 ῥητῶς
1596 2746 1610 2760 ν
1639 2728 1764 2790 Τοῖς
1793 2727 2015 2795 μέλλου-

441 2827 526 2862 σιν
576 2810 899 2884 ἢὲπιϐουλῇ
943 2817 1052 2867 ἀπό
1078 2833 1142 2884 γε
1187 2817 1281 2870 τοῦ
1332 2817 1425 2870 νῦν
1469 2819 1848 2890 ὲπιχειρεῖν,ἢ
1894 2837 2013 2872 του-

447 2901 684 2973 μούλτῳ,
712 2904 964 2974 ἀνάθεμα
989 2925 1002 2937 ο
1035 2911 1146 2971 τοῖς
1195 2911 1640 2978 συμπράττουσιν
1695 2911 1878 2974 αὐτοῖς
1921 2913 2014 2965 καὶ

443 2995 901 3066 συγκοινωνοῦσιν
962 2999 1046 3056 ἐν,
1081 3001 1147 3066 τῇ
1204 3001 1515 3068 ἀποστασία
1571 3001 1838 3067 ἀνάθεμα.
1890 3003 2015 3064 Τοῖς

441 3080 904 3148 συμὸουλεύουσιν
936 3085 968 3155 ἢ
1005 3087 1364 3156 παρορμῶσιν
1410 3091 1490 3151 είς
1519 3091 1585 3141 τά
1625 3089 1850 3142 τοιαῦτα
1880 3090 2015 3143 ἀνά-

444 3169 608 3239 θεμα.
638 3172 763 3236 Τοῖς
789 3177 1312 3246 συνεκστρατεύουσι
1341 3179 1551 3243 τούτοις
1584 3165 1854 3250 ἀνάθεμα.
1890 3183 2015 3245 Τοῖς

2117 1995 2183 2049 ab
2221 1996 2548 2063 imperatore
2593 2000 2647 2048 et
2697 1992 2903 2063 synodo
2955 1988 3262 2056 subscripta
3311 1995 3423 2047 est,
3474 1991 3528 2037 et
3573 1998 3695 2052 qua!

2117 2086 2363 2141 decernit
2412 2101 2504 2140 eos
2555 2081 3030 2146 anathematizari,
3083 2080 3174 2150 qui
3219 2078 3579 2133 defectionem
3625 2073 3693 2127 ab

2119 2179 2448 2247 imperatore
2477 2177 2796 2239 moliuntur,
2829 2175 2911 2229 vel
2943 2172 3288 2244 tyrannidem
3321 2169 3602 2229 invadere,
3640 2176 3694 2221 et

2117 2292 2180 2330 ea
2236 2275 2444 2329 ratione
2489 2255 2770 2335 subjectos
2821 2271 3087 2326 adversus
3116 2283 3304 2323 eorum
3341 2264 3693 2334 magistratus

2116 2370 2346 2423 incitant
2377 2375 2431 2421 et
2457 2367 2523 2420 ad
2563 2363 2956 2434 insurgentium
3001 2367 3337 2432 provocant;
3391 2359 3535 2412 inter
3587 2357 3692 2408 alia

2122 2459 2222 2510 hoc
2255 2472 2466 2526 quoque
2493 2457 2640 2510 circa
2682 2455 2842 2509 ﬁnem
2874 2469 3132 2524 expresse
3171 2450 3363 2506 definit
3403 2469 3416 2505 :
3462 2449 3554 2512 lis,
3601 2447 3694 2515 qui

2119 2551 2186 2601 ab
2234 2548 2337 2602 hoc
2388 2548 2646 2615 deinceps
2680 2542 3188 2616 temporeinsidias
3232 2549 3362 2596 sunt
3412 2538 3693 2592 machina-

2121 2643 2229 2697 turi
2265 2641 2350 2695 vel
2387 2626 2677 2694 tumultum
2704 2637 3020 2701 excitaturi,
3052 2634 3364 2688 anathema.
3450 2628 3543 2694 lis,
3596 2623 3687 2695 qui

2120 2747 2278 2801 opem
2338 2731 2442 2784 illis
2500 2728 2720 2792 ferunt,
2773 2735 2828 2782 et
2885 2727 2938 2780 in
2986 2724 3293 2780 defectione
3351 2727 3481 2776 sunt
3533 2719 3694 2782 socii,

2121 2823 2430 2878 anathema.
2513 2821 2606 2884 iis,
2660 2820 2754 2891 qui
2805 2819 3098 2874 consulunt
3142 2817 3226 2870 vel
3263 2815 3330 2868 ad
3383 2811 3692 2882 hujusmodi

2121 2915 2370 2978 incitant,
2425 2913 2738 2976 anathema.
2829 2897 2940 2982 lis,
2999 2909 3095 2979 qui
3146 2906 3520 2976 expeditiones
3570 2918 3693 2955 cum

2123 3005 2206 3058 his
2235 3005 2559 3072 suscipiunt,
2588 3002 2900 3056 anathema.
2972 3001 3066 3062 lis,
3105 2999 3195 3068 qui
3231 2999 3381 3067 ipsos
3421 2997 3486 3048 ad
3520 2997 3696 3066 poeni-
3732 3020 3734 3022 τ

2123 3093 2346 3148 tentiam
2395 3093 2746 3160 suscipiunt,
2801 3107 2926 3144 cum
2962 3105 2990 3144 a
3027 3089 3332 3143 defectione
3364 3101 3470 3140 non
3500 3085 3697 3154 resipi-

2125 3191 2280 3240 scant
2312 3197 2414 3239 nec
2443 3200 2560 3238 eam
2596 3185 2929 3253 relinquant,
2965 3183 3274 3235 anathema.

443 3261 751 3332 δεχομένοις
785 3267 981 3352 afﬁci);
1016 3271 1074 3321 ἐν
1110 3272 1388 3344 μετανοίᾳ.
1425 3275 1501 3344 μὴ
1539 3273 2014 3344 μεταμελομένους
2053 3275 2162 3327 ἀπὸ
2193 3275 2293 3343 τῆς
2334 3273 2701 3339 ἁποστασίας,
2736 3274 2832 3326 καὶ
2902 3271 3411 3341 καταλιμπάνοντας
3489 3265 3655 3332 αὐτὴν
3677 3309 3692 3331 ,

441 3357 711 3422 ἀνάθεμα.

511 3451 756 3508 ΖΩΝΑΡ.
791 3453 852 3506 ’0
877 3457 1053 3524 μέγας
1089 3461 1300 3526 Παῦλος
1365 3462 1697 3518 ἐπιστέλλων
1724 3447 2011 3536 τιμοθέῳῖ

2186 3457 2434 3515 ZONAR.
2457 3456 2784 3525 Quicunque,
2810 3453 2984 3523 inquit
3013 3465 3245 3522 magnus
3274 3448 3475 3503 Paulus
3505 3448 3568 3501 ad
3601 3443 3696 3500 Τί-

441 3542 604 3610 φησίν
622 3562 634 3576 ·
669 3547 840 3600 Ὅσοι
860 3551 1022 3604 εἰσιν
1057 3553 1176 3606 ὑπὸ
1197 3551 1374 3623 ζυγὸν
1402 3555 1629 3618 δοῦλοι,
1653 3557 1794 3623 τοὺς
1823 3558 2012 3623 ἰδίους

438 3633 742 3703 δεσπότας
785 3640 993 3706 πάσης
1032 3643 1208 3710 τιμῆς
1240 3645 1452 3712 ἀξίους
1504 3649 1905 3716 ἡγείσθωσαν.
1947 3652 2012 3702 Οἱ

439 3726 511 3781 δὲ
540 3731 796 3794 πιστοὺς
829 3731 1076 3800 ἔχοντες
1096 3733 1398 3802 δεσπότας
1424 3738 1508 3806 μὴ
1539 3742 2012 3808 καταφρονείτω-

440 3832 584 3882 σαν,
615 3818 702 3871 ὅτι
727 3819 980 3888 ἀδελφοί
1002 3823 1181 3887 εἰσιν,
1207 3825 1370 3878 ἀλλὰ
1392 3826 1632 3894 μᾶλλον
1653 3827 2015 3884 δουλευέτω-

368 3957 384 3967 ,
440 3923 582 3973 σαν,
613 3909 702 3964 ὅτι
726 3911 931 3966 πιστοί
956 3915 1117 3968 εἰσιν
1143 3918 1196 3968 οἱ
1224 3915 1336 3985 τῆς
1359 3921 1707 3988 εὐεργεσίας
1732 3922 2016 3991 ἀντιλαβ-

442 4003 781 4072 6ανόμενοι.
821 4005 932 4058 Καὶ
967 4007 1043 4074 τῷ
1076 4008 1217 4079 Τίτῳ
1252 4011 1309 4062 δὲ
1342 4007 1496 4074 αὖθις
1525 4013 1832 4068 ἐντέλλεται
1866 4017 2010 4086 (‘21),

440 4095 563 4147 τίνα
587 4095 857 4149 διδάσκειν
883 4097 1077 4167 χρεὼν,
1109 4101 1201 4154 καί
1233 4119 1366 4172 φησι
1388 4119 1403 4134 ο
1437 4106 1702 4171 Δούλους
1734 4107 1903 4173 ἰδίοις
1924 4107 2017 4160 δε-

442 4185 696 4250 σπόταις
716 4187 1198 4253 ὑποτάσσεσθαι,
1225 4194 1319 4246 καὶ
1339 4193 1408 4246 ἐν
1434 4195 1626 4249 πᾶσιν
1645 4193 2016 4266 εὐαρέστους

441 4273 616 4339 εἶναι,
637 4281 737 4331 ,καὶ
756 4280 824 4332 τὰ
846 4281 1122 4353 ὲξῆςβὲ).
1161 4285 1300 4336 Ἀλλ’
1323 4287 1349 4337 ὁ
1377 4286 1666 4350 Εὐστάθιος
1693 4289 1790 4341 καὶ
1812 4291 1860 4342 οἱ
1887 4292 2015 4361 περὶ

443 4370 650 4422 ἐκεῖνον
673 4373 990 4427 τούναντίον
1022 4376 1167 4428 ἅπαν
1194 4378 1475 4432 ἐδίδασκον
1497 4421 1511 4443 ,
1547 4382 1641 4433 καὶ
1669 4384 1780 4446 τοῖς
1810 4383 2016 4447 δούλοις

443 4460 722 4531 παρῄνουν
778 4467 1206 4535 καταλιμπάνειν
1255 4471 1379 4533 τοὺς
1425 4472 1715 4535 δεσπότας,
1773 4477 1867 4528 καὶ
1919 4477 2018 4545 τῆς

444 4553 651 4606 τούτων
696 4556 997 4627 ὑπηρεσίας
1047 4565 1408 4632 καταφρονεῖν
1454 4566 1594 4635 τάχα
1638 4566 1706 4618 δι’
1758 4566 2015 4636 ἄσκησιν.

414 4665 423 4676 ·
447 4643 553 4707 οὒς
580 4649 613 4716 ἡ
638 4647 853 4710 σύνοδος
880 4651 968 4703 διὰ
999 4652 1097 4720 τὴν
1119 4653 1358 4724 διδαχὴν,
1385 4657 1672 4729 στοιχοῦσα
1697 4662 1764 4730 τῇ
1792 4661 2018 4716 ἀποστο-

445 4737 571 4808 λικῇ
605 4739 956 4812 διδασκαλίᾳ,
994 4745 1411 4815 ἀνεθεμάτισεν.

446 5007 667 5064 ΑΡΙΣΤ.
730 5027 749 5060 ι
788 5008 878 5080 Τῷ
908 5011 1150 5080 πείθοντι
1199 5013 1385 5069 δοῦλον
1435 5017 1742 5087 ἀναχωρεῖν
1795 5019 1890 5072 τοῦ
1931 5022 2017 5074 δε-

656 5101 855 5155 σπότου
885 5103 1166 5168 εὐσεϐείας
1201 5108 1471 5176 προφάσει
1497 5110 1766 5181 ἀνάθεμα.
1795 5129 1814 5162 ι

552 5268 573 5298 ²
599 5263 707 5319 Tit.
744 5279 804 5327 ll,
828 5263 882 5330 9,
920 5265 1010 5318 10.

2115 3553 2395 3606 motheum
2443 3549 2711 3611 scribens,
2765 3554 2885 3600 sunt
2933 3544 3026 3598 sub
3062 3544 3195 3612 jugo
3242 3543 3398 3603 servi,
3457 3538 3696 3593 dominos

2114 3662 2234 3700 suos
2271 3643 2416 3697 omni
2443 3641 2638 3694 honore
2669 3637 2854 3708 dignos
2880 3647 3082 3706 putent.
3168 3634 3269 3698 Qui
3307 3646 3480 3686 autem
3514 3629 3695 3700 ﬁdele:

2113 3737 2353 3789 dominos
2407 3732 2604 3785 habent
2642 3747 2704 3784 ne
2743 3737 3102 3791 contemnant,
3148 3725 3284 3795 quod
3324 3725 3516 3792 fratres
3551 3724 3697 3786 sint;

2115 3828 2205 3882 sed
2241 3827 2411 3896 magis
2436 3825 2685 3888 serviant,
2739 3823 2989 3890 quoniam
3032 3829 3154 3875 sunt
3201 3819 3380 3886 ﬁdeles
3431 3817 3522 3886 qui
3563 3816 3696 3868 bono

2114 3935 2293 3972 eorum
2325 3934 2474 3986 opere
2503 3918 2776 3986 fruuntur.
2867 3914 2932 3967 Et
2971 3917 3039 3966 ad
3069 3911 3250 3964 Titum
3297 3924 3511 3972 rursus,
3565 3905 3694 3959 dum

2115 4027 2179 4066 ea
2227 4010 2590 4077 quae-docere
2647 4014 2895 4076 oporteat
2941 4002 3278 4072 exsequitur,
3332 4006 3531 4069 praeter
3562 3997 3690 4049 alia.

2115 4100 2234 4156 haec
2267 4115 2486 4170 quoque
2515 4100 2698 4159 habet,
2751 4097 2940 4152 Servos
2971 4095 3078 4149 suis
3109 4091 3339 4146 dominis
3369 4090 3585 4158 subjici,
3639 4089 3695 4141 in

2117 4193 2358 4247 omnibus
2395 4192 2517 4245 bene
2543 4192 2832 4259 placentes,
2882 4197 2934 4242 et
2962 4203 3080 4256 qua:
3107 4191 3436 4254 sequuntur.
3491 4181 3560 4235 At
3589 4181 3696 4232 Eu-

2118 4285 2354 4339 stathius
2387 4285 2614 4352 ejusque
2659 4282 2882 4336 asseclze
2927 4279 3204 4334 contraria
3253 4291 3481 4346 prorsus
3515 4275 3691 4327 disse-

2117 4377 2440 4440 minabant,
2487 4390 2552 4429 ac
2601 4373 2797 4434 servis,
2850 4379 2910 4426 ut
2957 4387 3014 4425 se
3065 4370 3412 4423 dominorum
3464 4363 3693 4433 imperio

2118 4469 2545 4532 Subtraherent,
2601 4467 2894 4536 muniaque
2939 4461 3224 4534 419³1)
3275 4461 3384 4515 illis
3436 4459 3691 4528 imposita

2119 4561 2477 4628 negligereut,
2521 4558 2685 4612 'forte
2741 4555 3042 4626 spiritualis
3093 4551 3499 4607 exercitationis
3557 4549 3689 4602 obe-

2120 4652 2252 4706 undi
2306 4665 2512 4716 causa,
2559 4649 2882 4706 suadebant.
2949 4645 3114 4715 [Quos
3166 4645 3382 4714 quidem
3439 4642 3553 4694 haec
3602 4654 3693 4709 sy-

2122 4745 2298 4798 nodus
2343 4743 2413 4796 ob
2465 4741 2730 4811 ejusmodi
2779 4740 3106 4803 doctrinam,
3157 4734 3470 4804 apostolicae
3523 4733 3691 4787 disci-

2042 4812 2096 4871 D
2124 4840 2280 4908 plina:
2315 4837 2556 4904 vestigiis
2588 4835 2866 4894 insistens.
2895 4831 3241 4885 anathemate
3288 4827 3530 4880 irretitos
3563 4838 3684 4878 esse

2120 4929 2390 4983 decernit.

2124 5018 2348 5074 ARIST.
2386 5018 2502 5076 «.Ei
2531 5018 2621 5087 qui
2653 5030 2813 5070 servo
2846 5003 3134 5084 persuadet
3155 5029 3185 5068 a
3219 5012 3440 5066 domino
3472 5010 3692 5080 religio-

2315 5131 2368 5211 ιι
2403 5113 2488 5166 nis
2514 5119 2772 5180 praetextu
2800 5109 3048 5164 recedere
3100 5110 3407 5166 anathema,
3444 5128 3462 5158 ι

1670 5361 1860 5422 Guill.
1895 5364 2212 5442 Beveregii
2259 5371 2448 5428 notae.

521 5461 630 5529 (21)
651 5455 831 5525 Αὖθις
861 5459 1228 5514 ἐντέλλεται.
1247 5459 1528 5530 Legendus
1561 5470 1643 5515 est
1675 5462 2009 5530 liiclonarte

447 5528 622 5595 locus,
653 5532 806 5600 juxta
850 5535 1091 5585 coJicem
1142 5528 1662 5595 Amerbachianum,
1711 5528 1876 5593 Αὖθις
1924 5537 2009 5584 ὲν-

450 5599 773 5672 τελλόμενος
801 5600 923 5652 τίνα
952 5601 1227 5654 διδάσκειν
1270 5599 1470 5672 χρεὼν,
1526 5605 1661 5671 πρὸς
1686 5605 1797 5665 rei;
1829 5602 2008 5669 ἄλλοις

452 5670 743 5725 καὶταῦτα
768 5687 982 5737 φησινη
1576 5670 1582 5671 ⁷
1771 5694 1788 5716 ρ

523 5741 635 5809 (22)
658 5741 769 5794 Καὶ
798 5739 867 5792 τὰ
885 5739 1053 5807 ἑξῆς.
1074 5738 1179 5793 Pro
1211 5740 1296 5793 his
1321 5741 1501 5795 verbis
1527 5742 1577 5794 in
1609 5743 1799 5796 codice
1817 5745 2006 5796 Amer-

369 5882 376 5884 ,
456 5811 728 5867 bachiano
762 5810 914 5865 locus
963 5825 1133 5867 sacra:
1161 5810 1458 5881 Scriptura:
1487 5812 1574 5868 hic
1605 5814 1804 5870 citatus
1847 5815 2007 5885 plene

2115 5469 2192 5520 sic
2228 5467 2458 5538 legitur,
2522 5469 2612 5538 Μὴ
2662 5469 3065 5537 ἀντιλέγοντας,
3117 5470 3194 5538 μὴ
3242 5467 3685 5538 νοσφιζομένους,

2115 5537 2250 5590 ἀλλὰ
2279 5539 2458 5590 πίστιν
2483 5536 2663 5591 πᾶσαν
2686 5536 3128 5608 ἐνδεικνυμένους
3155 5540 3384 5606 ἀγαθήν,
3403 5536 3526 5590 Non
3553 5553 3685 5608 con-

2115 5609 2447 5671 tradicentes,
2490 5625 2591 5660 non
2615 5607 2946 5676 frondentes,
2978 5612 3062 5663 sed
3092 5613 3500 5663 omnembonam
3529 5607 3684 5675 [idem

2107 5680 2461 5733 ostendentes.
2491 5682 2621 5745 Quae
2646 5680 2808 5736 etiam
2867 5679 3030 5736 verba
3079 5682 3136 5735 in
3199 5679 3450 5735 Gallandi
3492 5678 3683 5734 codice

2115 5749 2390 5818 leguntur.
