4076 6400
3513 353 3527 413 1
3543 351 3644 411 23")

411 363 547 425 iii/t9
1578 359 1657 419 ΙΝ
1698 357 1868 419 CAN.
1910 356 1994 415 1X
2027 354 2230 416 CONC.
2268 356 2549 415 GANGR.

407 475 499 527 τοῦ
534 474 782 538 συνάξεις
819 475 988 526 ποιεῖν
1020 473 1052 542 ἦ
1084 473 1281 541 μᾶλλον
1312 476 1742 542 παρασυνάξεις,
1763 472 1974 542 ἧθελον,

2080 470 2248 532 bant,
2309 472 2357 522 id
2413 480 2518 530 est,
2549 477 2844 542 conventus
2894 451 2988 522 aut
3037 466 3408 523 conventionis
3463 468 3648 534 potius

410 565 676 634 πράττειν
708 583 766 618 τε
793 565 860 618 τά
891 566 990 633 τῆς
1026 566 1376 637 Ἐκκλησίας,
1408 566 1720 635 ἱερουργίας
1747 563 1969 632 δηλαδὴ.

409 656 484 726 μὴ
525 658 774 719 συνόντος
826 655 922 721 τοῦ
986 655 1357 726 πρεσϐυτέρου
1413 658 1556 708 κατά
1605 656 1830 722 γνώμην
1879 653 1971 705 τοῦ

407 748 728 801 ἐπισκόπου.
777 749 863 800 Ἐν
893 747 1167 818 εὐκτηρίῳ
1193 747 1302 818 γὰρ
1332 749 1483 809 ἐντὸς
1525 747 1701 809 οἰκίας
1729 746 1843 798 ὄντι
1873 747 1971 798 οὐκ

407 841 732 906 ἐκχωρεῑται
804 839 1179 906 πρεσϐύτερος
1233 841 1560 905 ἱερουργεῖν,
1633 841 1682 890 εἰ
1747 837 1822 906 μὴ
1877 836 1971 888 τοῦ

407 931 707 982 ἐπισκόπου
737 930 838 998 τῆς
865 932 1073 993 πόλεως
1114 931 1520 1001 ἐπιτρέποντος.
1554 929 1644 982 Διὸ
1694 930 1790 982 καὶ
1837 930 1972 981 ἁνα-

407 1021 604 1089 θέματι
633 1023 1119 1092 κατεδικάσθησαν.

804 839 1179 909 πρεσϐύτερος
1233 841 1560 905 ἱερουργεῖν,

435 1239 438 1242 μ
499 1201 721 1258 ΛΡΙΣΤ.
762 1219 780 1251 t
833 1186 890 1254 "0
924 1202 1302 1270 ἐκκλησιάζων
1329 1202 1434 1272 ἰδίᾳ.
1457 1203 1541 1271 εἴη
1572 1202 1838 1270 ἀνάθεμα.
1881 1220 1898 1250 ι

1002 1403 1239 1454 ΚΛΝΩΝ
1272 1400 1350 1455 Z'.

407 1531 428 1563 ι
467 1513 532 1565 Εἴ
561 1532 644 1578 τις
676 1517 1054 1586 καρποφορίας
1090 1517 1555 1587 ἐκκλησιαστικάς
1604 1518 1778 1570 ἐθέλει
1833 1517 1974 1587 λαμ-

483 1625 501 1656 (
538 1608 746 1669 ϐάνειν,
804 1609 835 1678 ἢ
887 1611 1088 1663 διδόναι
1143 1610 1250 1674 ἔξω
1278 1612 1377 1679 τῆς
1437 1609 1764 1680 Ἐκκλησίας
1822 1611 1972 1678 παρὰ

483 1718 500 1748 ι
537 1700 761 1769 γνώμην
789 1700 882 1753 τοῦ
945 1703 1248 1755 ἐπισκόπου
1277 1703 1308 1770 ἢ
1339 1701 1432 1755 τοῦ
1490 1702 1970 1778 ἐγκεχειρισμένου

483 1812 500 1844 ι
536 1796 602 1846 τὰ
628 1795 874 1858 τοιαῦτα,
912 1796 1009 1846 καὶ
1048 1797 1121 1864 μὴ
1155 1798 1295 1865 μετὰ
1315 1796 1537 1867 γνώμης
1573 1796 1760 1850 αὑτοῦ
1799 1798 1970 1849 ἐθέλει

476 1905 496 1937 ‹
535 1887 816 1954 πράττειν,
853 1889 1102 1958 ἀνάθεμα
1134 1889 1352 1942 ἐστωην

476 1999 670 2053 ΒΛΛΣ.
702 2003 766 2054 Αἱ
812 2006 1222 2072 προσαγόμεναι
1278 2007 1655 2076 καρποφορίαι
1708 2009 1830 2069 ταῖς
1882 2009 1976 2059 ἐκ·

404 2091 657 2160 κλησίαις
683 2093 772 2146 διὰ
799 2094 912 2145 τῶν
938 2095 1249 2148 ἐπισκόπων
1310 2100 1648 2167 μερίζονται.
1696 2098 1847 2152 Ἐπεὶ
1885 2096 1978 2152 οὖν

403 2184 482 2244 εἰς
538 2185 948 2254 καταρρόνησιν
1005 2187 1212 2240 τούτων
1273 2190 1419 2252 τινὲς
1468 2189 1722 2261 ἐμέριζον
1774 2189 1979 2253 ταύτας

403 2277 635 2340 ἑαυτοῖς,
693 2273 1041 2347 διορίζεταιό
1075 2278 1256 2333 κανὼν
1314 2281 1800 2351 ἀναθεματίζεσθαι
1855 2285 1978 2348 τοὺς

405 2362 574 2431 χωρὶς
626 2368 995 2437 ἐπισκοπικῆς
1056 2369 1319 2439 είδὴσεως
1367 2370 1612 2424 τοιοῦτόν
1659 2389 1712 2424 τι
1766 2373 1980 2426 ποιοῦν-

403 2469 524 2514 τας.

481 2534 729 2602 ΖΩΝΑΡ.
761 2549 916 2602 Μετὰ
941 2551 1048 2602 τῶν
1097 2551 1293 2618 ἄλλων,
1331 2548 1405 2606 ὧν
1447 2555 1690 2620 ἐτόλμων
1747 2560 1795 2610 οἱ
1849 2560 1980 2628 περὶ

405 2639 497 2690 τὸν
529 2639 850 2707 Εὐστάθιον,
891 2644 985 2697 καὶ
1026 2645 1403 2717 καρποφορίας
1430 2649 1528 2710 τὰς
1559 2649 1805 2720 συνήθως
1861 2655 1979 2713 ταῖς

404 2731 732 2803 ἐκκλησίαις
802 2739 1223 2808 προσαγομένας
1283 2739 1651 2808 λαμϐάνοντες
1730 2743 1978 2813 διένεμον

410 2824 684 2894 ἀλλήλοις.
720 2827 892 2879 Τοῦτο
924 2827 1015 2880 οὖν
1071 2832 1098 2882 ὀ
1150 2830 1324 2884 κανὼν
1366 2834 1608 2899 κωλύων,
1652 2841 1824 2903 χωρὶς
1882 2835 1976 2887 τοῦ

405 2916 710 2968 ἐπισκόπου
743 2917 775 2987 ἦ
810 2917 907 2968 τοῦ
944 2920 1456 2988 ἐμπεπιστευμένου
1492 2923 1589 2993 τὴν
1633 2925 1728 2993 τῆς
1779 2926 1978 2993 ἐκκληο

409 3007 533 3066 σίας
559 3006 880 3073 οἰκονομίαν
907 3007 1079 3077 ὁρίζει
1114 3007 1187 3076 μὴ
1219 3009 1416 3074 ἐξεῖναί
1463 3028 1570 3062 τινι
1612 3011 1909 3081 λαμϐάνειν
1940 3015 1973 3085 ἢ

403 3097 604 3148 διδόναι
641 3099 1040 3168 καρποφορίαν.
1071 3099 1190 3152 Τῶν
1233 3100 1288 3151 δὲ
1350 3103 1440 3153 τὸν
1472 3104 1670 3155 κανόνα
1701 3105 1976 3174 παραϐαι-

408 3190 606 3242 νόντων
657 3191 905 3259 ἀνάθεμα
945 3191 1377 3262 κατεψηφίσατο.

408 3280 634 3332 ΛΡΙΣΤ.
679 3298 696 3330 ι
744 3278 801 3332 ⁸0
830 3283 981 3352 παρὰ
1038 3282 1264 3353 γνώμην
1324 3289 1622 3339 ἐπισκόπου
1669 3289 1976 3359 ἣπρεσϐυ·

443 3372 604 3441 τέρου
633 3373 702 3424 τὰ
736 3375 834 3443 τῆς
876 3375 1202 3445 Ἐκκλησίας
1243 3379 1409 3430 τελῶν
1469 3381 1554 3450 εἴη
1601 3382 1870 3452 ἀνάθεμα.
1917 3402 1934 3434 ι

1013 3565 1250 3634 ΚΑΝΩΝ
1285 3582 1369 3636 H'.

411 3711 432 3744 ‹
477 3695 540 3748 Εἰ
576 3712 656 3759 τις
693 3695 885 3765 διδοῖῆ
936 3696 1202 3766 λαμϐάνοι
1269 3703 1650 3771 καρποφορίαν
1709 3708 1978 3774 παρεκτὸς

489 3807 506 3839 ι
543 3788 637 3840 τοῦ
671 3789 970 3842 ἐπισκόπου
1008 3789 1042 3859 ἢ
1074 3790 1168 3841 τοῦ
1221 3793 1652 3866 ἐπιτεταγμένου
1714 3800 1796 3859 εἰς
1837 3793 1981 3853 οἶκο-

399 3891 406 3896 ‘
487 3899 506 3930 ι
550 3880 743 3948 νομίαν
774 3883 1042 3944 εὐποιίας,
1076 3882 1169 3934 καὶ
1214 3883 1242 3933 ό
1280 3883 1454 3947 διδοὺς
1484 3889 1577 3939 καὶ
1608 3891 1636 3940 ό
1663 3890 1977 3960 λαμϐάνων,

486 3991 504 4022 ι
548 3971 794 4041 ἀνάθεμα
826 3973 982 4026 ἔστω.
1034 3992 1052 4024 ι

484 4063 681 4117 ΒΑΛΣ.
713 4065 808 4116 καὶ
835 4067 1080 4118 ΖΩΝΑΡ.
1127 4067 1455 4140 Ὶσοδυναμεί
1494 4073 1588 4126 καί
1636 4067 1792 4146 οὗτος
1823 4078 1848 4130 ό
1877 4093 1979 4129 κα-

413 4155 520 4209 νὼν
563 4157 640 4226 τῷ
675 4159 781 4228 πρὸ
821 4160 1008 4214 αὐτοῦ.

415 4250 640 4304 ΑΡΙΣΤ.
714 4269 732 4302 ι
775 4251 958 4314 Διὸούς
1012 4247 1186 4323 τις”ἢ
1245 4253 1535 4322 λαμϐάνων
1603 4261 1980 4331 καρποφορίαν

495 4361 512 4391 ι
551 4342 706 4403 tm;
766 4342 859 4394 τοῦ
907 4343 1205 4398 ἐπισκόπου
1255 4345 1477 4418 καὶτοῦ
1517 4349 1820 4419 οἰκονομεῖν
1878 4370 1983 4406 τσ-

491 4454 509 4484 t
549 4436 764 4504 χθέντος
795 4437 874 4496 εἰς
900 4435 1146 4488 εὐποιίαν
1164 4451 1179 4467 ο
1212 4436 1358 4509 καὶό
1386 4439 1577 4502 διδοὺς,
1604 4429 1696 4503 κα).
1721 4445 1746 4495 ό
1769 4443 1982 4513 λαμϐά-

493 4546 510 4577 ι
549 4544 677 4589 νων,
698 4525 839 4578 ἔστω
877 4527 1142 4594 ἀνάθεμα.
1189 4545 1206 4577 ι

1038 4642 1275 4694 ΚΑΝΩΝ
1307 4639 1383 4693 Θ’.

420 4775 438 4806 ι
481 4755 546 4830 Et
568 4771 652 4816 τις
683 4753 1009 4822 παρθενεύοι
1049 4754 1081 4825 ἢ
1125 4757 1533 4826 ἐγκρατεύοιτο,
1569 4759 1644 4820 ὡς
1677 4760 1744 4812 ἂν
1768 4759 1982 4830 βδελύτ-

389 4862 404 4878 ‘
494 4869 512 4900 ι
548 4866 657 4900 των
690 4850 797 4899 τῶν
847 4847 1040 4914 γάμων
1081 4849 1397 4920 ἀναχωρῶν,
1431 4851 1630 4922 καὶμὴ
1661 4853 1729 4905 δι’
1760 4854 1892 4906 αὐτὸ
1921 4857 1980 4907 τὸ

493 4961 511 4990 ε
550 4940 711 5028 καλὸν
785 4942 878 4992 καὶ
935 4941 1088 5006 ἅγιον
1158 4945 1257 5012 τῆς
1317 4945 1658 5014 παρθενίας,
1732 4947 1980 5014 ἀνάθεμα

497 5032 514 5064 1
547 5028 706 5064 εστω.
734 5029 754 5061 ι

487 5131 686 5188 ΒΑΛΣ.
723 5131 862 5200 Περὶ
900 5123 1008 5180 τῶν
1069 5130 1562 5200 ἀποστρεφομένων
1605 5132 1694 5184 τὸν
1750 5133 1981 5206 νόμιμον

417 5231 592 5298 γάμον
633 5229 706 5295 μὴ
739 5227 826 5278 διὰ
848 5223 1052 5296 ἀρετὴν
1097 5225 1191 5278 καὶ
1230 5223 1518 5276 εὐλάϐειαν
1557 5226 1876 5297 ἐγράψαμεν
1924 5231 1981 5281 ἐν

417 5323 497 5394 τῷ
526 5320 730 5390 πρώτῳ
752 5321 967 5372 κανόνι·
1001 5319 1095 5371 καὶ
1130 5317 1404 5384 ἀνάγνωθι
1432 5318 1624 5372 ταῦτα.
1665 5337 1678 5344 ·
1768 5353 1769 5360 ξ

489 5413 738 5466 ΖΩΝΑΡ.
765 5412 1062 5465 Κάλλιστον
1104 5411 1202 5480 μὲν
1232 5411 1267 5480 ἡ
1300 5408 1586 5480 παρθενία,
1614 5412 1774 5463 καλὸν
1809 5412 1862 5464 δέ
1888 5415 1982 5466 καὶ

419 5509 453 5577 ὴ
490 5502 846 5574 σωφροσύνηο
880 5502 995 5556 ἀλλ’
1023 5505 1071 5556 εί
1105 5503 1172 5556 δι’
1227 5503 1359 5556 αὐτὸ
1408 5505 1468 5556 τὸ
1514 5507 1677 5560 καλὸν
1724 5511 1978 5577 γίνοιντο,

424 5600 520 5654 καὶ
552 5599 638 5651 διὰ
669 5599 761 5651 τὸν
790 5597 846 5664 ἐξ
877 5597 1057 5650 αὐτῶν
1090 5599 1381 5668 ἁγιασμόν.
1422 5598 1485 5650 El
1534 5597 1722 5662 δέ’τες
1778 5602 1982 5672 παρθε-

425 5692 591 5757 νεύει,
627 5691 718 5743 τὸν
753 5691 930 5758 γάμον
959 5688 1034 5750 ὡς
1071 5689 1381 5761 ἀκάθαρτον
1413 5688 1850 5759 βδελυττόμενος,
1887 5694 1982 5746 καὶ

429 5787 694 5854 σωφρονεῖ
738 5785 831 5837 καὶ
865 5782 1252 5851 ἐγκρατεύεται
1289 5783 1483 5853 μίξεως
1528 5783 1859 5854 ἀπεχόμενος
1883 5785 1976 5838 τοῦ

2080 561 2434 628 peragebant,
2485 541 2647 630 420
2696 559 2874 628 ibique
2900 574 3018 627 qua:
3052 561 3103 612 in
3140 559 3369 612 ecclesia
3405 557 3516 609 lieri
3552 555 3651 607 tle-

2081 651 2331 712 buerant,
2366 666 2519 704 sacra
2551 651 2798 704 videlicet
2822 654 3098 722 mysteria,
3133 652 3278 703 nullo
3306 666 3368 704 ex
3403 646 3646 716 cpisropi

2080 743 2347 796 sententia
2375 742 2582 795 delecto
2607 744 2889 796 sacerdote
2918 744 3282 798 celebrabant.
3331 742 3383 794 ln
3405 744 3649 794 oraturio

2077 833 2220 886 enim
2271 833 2411 901 quod
2441 844 2525 888 est
2563 836 2703 887 intra
2735 835 2956 888 domum
3007 837 3286 904 presbyter
3321 849 3476 888 sacra
3512 833 3650 885 «zele-

2080 925 2236 979 brare
2266 942 2373 979 non
2412 920 2760 995 permittitur,
2794 929 2894 981 nisi
2925 929 3078 981 venia
3115 930 3261 996 prius
3296 930 3361 980 ab
3395 926 3650 996 episcopo

2079 1019 2313 1095 civitatis
2377 1020 2676 1087 impetrata.
2721 1020 2973 1078 Proinde.
3022 1030 3075 1072 et
3127 1021 3178 1072 in
3232 1035 3326 1074 cos
3373 1020 3652 1072 damnatio

2078 1112 2434 1163 anatltcmatis
2459 1114 2779 1168 constituta.

2077 1198 2304 1254 ΑοῐὶΙδΤ.
2369 1220 2387 1251 ι
2423 1202 2522 1267 Qui
2559 1204 2812 1272 privatim
2848 1205 3228 1256 conventicula
3265 1205 3526 1268 celebrat,
3582 1204 3654 1257 sit

2632 1312 2652 1345 ε
2683 1295 2992 1348 anathema.
3031 1314 3048 1344 ι

2620 1412 2722 1463 CA
2757 1410 2796 1462 N
2829 1408 2936 1463 ON
2996 1410 3105 1463 VII.

2085 1542 2103 1574 ι
2140 1522 2192 1577 Si
2227 1525 2351 1592 quis
2381 1526 2490 1578 vult
2527 1525 2735 1578 fructus
2771 1527 3016 1580 ecclesiae
3045 1526 3255 1579 oblatos
3283 1527 3548 1594 accipere,
3575 1525 3657 1577 vel

2156 1632 2175 1665 ι
2211 1617 2342 1670 dare
2393 1625 2544 1670 extra
2595 1618 2926 1679 ecclesiam,
2987 1626 3182 1683 prceter
3233 1617 3472 1685 episcopi
3531 1631 3657 1670 seu-

2159 1723 2176 1756 ι
2216 1706 2461 1768 tentiam,
2513 1709 2593 1760 vel
2640 1709 2760 1774 ejus
2813 1710 2900 1761 cui
2935 1722 3065 1761 cura
3117 1723 3304 1760 eorum
3359 1709 3654 1761 commissa

2155 1814 2176 1847 ι
2215 1808 2316 1859 est,
2349 1810 2402 1852 et
2432 1815 2537 1851 non
2565 1815 2686 1851 cum
2709 1801 2828 1869 ejus
2859 1801 3127 1854 sententia
3155 1814 3216 1853 ea
3245 1800 3356 1853 vult
3380 1816 3561 1870 agere,
3586 1802 3658 1854 sit

2155 1910 2174 1942 ι
2211 1894 2516 1946 anathema.
2567 1917 2585 1943 ο
2655 1881 2659 1885 ’

2154 2003 2349 2061 BALS.
2411 2005 2668 2069 Fructus,
2724 2006 2816 2075 qui
2867 2007 3113 2062 ecclesiis
3177 2005 3502 2069 oﬂ‘ernntttr,
3559 2021 3657 2074 per

2078 2095 2366 2167 episcopos
2389 2096 2732 2162 dividuntur.
2782 2095 3047 2163 Quoniam
3072 2115 3201 2168 ergo
3229 2101 3280 2150 in
3304 2114 3494 2153 eorum
3523 2093 3656 2151 eon-

2082 2197 2341 2258 tentptum
2373 2190 2592 2257 quidam
2627 2191 2748 2245 illos
2799 2191 2904 2246 sibi
2953 2190 3276 2254 diviserunt,
3333 2205 3505 2242 canon
3558 2205 3653 2244 eos

2078 2280 2527 2335 anathematizari
2583 2282 2797 2347 statuit,
2845 2283 2936 2352 qui
2982 2283 3102 2337 sine
3151 2267 3379 2338 scientia
3411 2282 3651 2352 episcopi

2080 2373 2182 2426 tale
2209 2371 2339 2441 quid
2358 2373 2597 2434 .faeiunt.
3233 2389 3238 2398 '

2147 2545 2403 2602 ZONAR.
2458 2548 2664 2602 Praeter
2711 2547 2814 2603 alia
2871 2550 3099 2604 crimina
3150 2550 3488 2606 Enstathiani
3542 2553 3656 2606 fru-

2079 2649 2202 2694 ctus
2257 2655 2498 2708 quoque,
2553 2642 2642 2710 qui
2700 2643 2946 2696 ecclesia:
2996 2642 3177 2696 oil‘erri
3231 2655 3652 2720 consueverant,

2079 2733 2402 2790 inVadentes
2434 2736 2574 2787 inter
2594 2750 2653 2790 se
2686 2735 2919 2789 invicem
2945 2737 3344 2804 partiebantur.
3405 2739 3462 2790 Id
3491 2741 3657 2805 igitur

2079 2839 2254 2878 Canon
2305 2825 2577 2894 prohibet,
2630 2841 2694 2879 ac
2742 2841 2810 2880 ne
2867 2827 3120 2896 cuiquam
3173 2829 3379 2896 absque
3411 2829 3654 2897 episcopi

2079 2917 2426 2978 auctoritate,
2457 2917 2540 2970 vel
2559 2918 2678 2985 ejus
2697 2917 2784 2970 cui
2812 2917 3055 2972 ecclesiae
3079 2917 3483 2971 administratio
3503 2935 3659 2972 matt-

2078 3011 2200 3068 tlata
2249 3016 2353 3073 est,
2409 3008 2618 3063 fructus
2650 3009 2744 3078 qui
2789 3008 3091 3063 offeruntur
3125 3011 3255 3062 dare
3287 3017 3380 3062 aut
3408 2999 3690 3078 accipere

2077 3100 2260 3167 liceat,
2314 3103 2578 3157 decernit.
2673 3099 2777 3167 Qui
2823 3116 2980 3157 secus
3034 3101 3254 3167 iecerit,
3311 3102 3658 3156 anathemata

2000 3205 2046 3270 ο
2079 3195 2236 3266 plecti
2267 3195 2438 3263 jubet.

2081 3281 2308 3339 ARIST.
2409 3304 2426 3335 ι
2473 3284 2573 3351 Qui
2636 3295 2833 3354 praeter
2896 3285 3137 3355 episcopi
3202 3289 3287 3342 vel
3353 3285 3654 3356 presbyteri

2155 3394 2174 3425 ‹
2229 3380 2555 3432 sententiam
2621 3381 3001 3436 ecclesiastica
3065 3383 3344 3452 peragit,.
3386 3383 3458 3437 sit
3522 3398 3656 3436 ana-

2243 3471 2445 3526 thema.
2491 3491 2508 3522 ι

2604 3587 2708 3640 CA
2733 3585 2775 3638 N
2804 3587 2847 3641 Ο
2869 3588 2912 3640 Ν
2990 3586 3133 3674 VIII.

2087 3720 2104 3752 ι
2137 3699 2190 3753 Si
2220 3703 2343 3770 quis
2392 3701 2482 3754 det
2536 3701 2615 3754 vel
2667 3702 2895 3770 accipiat
2945 3703 3153 3757 fructus
3205 3703 3659 3773 oblatos,pra:ter

2156 3810 2176 3844 (
2212 3795 2566 3862 episcopum,
2627 3796 2708 3846 vel
2756 3809 2879 3846 eum
2933 3796 3023 3863 qui
3073 3803 3156 3848 est
3209 3797 3538 3850 constitutus
3588 3800 3653 3851 ad

2159 3901 2178 3933 ι
2215 3885 2585 3938 beneﬁcentiae
2607 3884 3070 3952 dispensationem
3094 3903 3108 3940 :
3141 3893 3196 3938 et
3219 3887 3309 3955 qui
3336 3887 3448 3953 dat,
3475 3900 3528 3941 et
3559 3889 3652 3958 qui

2157 3995 2175 4024 α
2212 3976 2428 4044 accipit,
2463 3977 2532 4029 sit
2560 3977 2876 4030 anathema.
2906 3995 2924 4027 ι
3371 4042 3378 4045 _

2145 4066 2338 4132 BALS,
2370 4077 2422 4121 et
2453 4067 2704 4123 ZONAR.
2759 4067 2857 4123 llic
2903 4084 3078 4122 canon
3121 4072 3447 4139 praecedenti
3477 4073 3652 4141 tequi-

2079 4159 2248 4213 valet.
3071 4219 3082 4240 ἱ

2080 4249 2308 4306 ARIST.
2367 4269 2386 4303 ι
2424 4251 2684 4321 Quisquis
2713 4255 2824 4316 dat,
2859 4255 2940 4308 vel
2960 4255 3386 4323 accipitfructus
3414 4255 3648 4319 oblatos,

2156 4359 2177 4394 ι
2213 4351 2408 4411 praeter
2453 4346 2772 4413 episc0pum
2827 4355 2882 4398 et
2931 4360 3056 4398 eum
3085 4346 3175 4413 qui
3211 4347 3275 4399 ad
3314 4345 3456 4399 bona
3485 4359 3648 4414 opera

2159 4452 2179 4484 ε
2215 4435 2531 4504 dispensare
2548 4435 2919 4499 constituitur,
2958 4444 3008 4489 et
3029 4435 3121 4505 qui
3157 4437 3268 4500 dat,
3301 4444 3355 4490 et
3385 4436 3476 4506 qui
3509 4437 3652 4492 acci-

2161 4543 2180 4577 ‹
2218 4527 2317 4597 pit,
2354 4527 2424 4582 sit
2453 4528 2763 4582 anathema.
2806 4545 2824 4578 ι

2620 4637 2813 4692 CAN
2844 4639 2950 4692 ΟΝ
2998 4638 3090 4694 IX.

2086 4770 2105 4803 ι
2145 4750 2199 4805 Si
2219 4753 2342 4822 quis
2370 4753 2734 4824 virginitatem
2761 4755 3032 4810 custodiat
3054 4757 3132 4809 vel
3166 4757 3512 4813 continentiae
3538 4765 3654 4812 stu-

2161 4863 2178 4894 t
2214 4844 2359 4908 deat,
2391 4860 2420 4898 a
2451 4845 2801 4899 matrimonio
2825 4857 3078 4916 tanquam
3115 4847 3477 4902 abominanda
3504 4863 3654 4901 rece-

2159 4955 2177 4987 ‹
2217 4938 2373 5002 deus,
2402 4948 2456 4990 et
2487 4953 2588 4990 non
2623 4945 2846 5006 propter
2878 4941 3052 5007 ipsam
3073 4941 3396 5014 virginitatis
3415 4940 3654 5008 pulchri-

2159 5041 2188 5078 ιι
2222 5029 2457 5097 tudinem
2487 5039 2539 5080 et
2571 5031 2934 5092 sanctitatem,
2971 5034 3042 5084 sit
3070 5029 3381 5085 anatltema'.
3415 5050 3434 5082 ι

2151 5133 2346 5198 BALS.
2429 5144 2501 5196 De
2535 5143 2601 5198 iis
2638 5145 2728 5213 qui
2763 5146 3030 5213 legitimas
3066 5149 3282 5214 nuptias
3328 5154 3648 5198 aversantur

2086 5252 2193 5291 non
2233 5243 2452 5305 propter
2486 5236 2760 5305 pietatem'
2795 5245 2849 5289 et
2905 5239 3182 5302 virtutem,
3239 5236 3561 5304 scripsimus
3595 5237 3648 5288 in

2088 5333 2536 5411 primoIcanone;
2564 5339 2617 5385 et
2648 5331 2762 5399 lege
2793 5345 2875 5383 ea.
3408 5379 3415 5386 _

2189 5421 2438 5478 ZONAR.
2524 5422 2894 5478 Pulcherrima
2933 5420 3148 5489 quidem
3181 5433 3268 5471 res
3293 5427 3376 5473 est
3416 5417 3649 5486 virgini-

2085 5498 2191 5583 tas,
2251 5516 2477 5570 honesta
2525 5528 2654 5567 vero
2703 5523 2756 5568 et
2805 5512 3172 5576 eontinetttia,
3235 5512 3278 5564 si
3334 5520 3512 5563 tamen
3557 5525 3649 5564 eas

2083 5611 2152 5662 ob
2203 5609 2537 5662 honestatem
2593 5607 2802 5674 ipsam,
2869 5605 3095 5673 qmc’que
3157 5605 3277 5657 illas
3333 5604 3646 5666 comitatur,

2084 5699 2423 5754 saneti-tatem
2496 5713 2858 5767 sequamur..
2919 5695 3072 5761 Quod
3139 5701 3183 5750 si
3249 5697 3370 5764 quis
3443 5695 3647 5751 idcirco

2084 5789 2446 5858 virginitatem
2502 5788 2891 5864 amplectitur.
2952 5789 3076 5854 quia
3143 5789 3360 5855 nuptias
3417 5799 3475 5841 ut
3543 5789 3644 5841 int-
