4076 6426
413 312 546 379 1251

1582 335 1583 338 η
1669 308 1947 369 ἸἩΕΟΙ).
1991 309 2390 370 ΒΑιδΑΜΟΝ

3531 309 3680 372 1252

409 451 572 505 puras
619 434 942 499 detestetur,
996 442 1051 490 et
1100 441 1312 491 castum
1354 447 1413 486 se
1463 430 1586 485 ideo
1625 441 1846 492 servat,
1905 440 1986 484 at-

2103 431 2300 502 γάμου,
2329 432 2404 495 ὥς
2432 450 2580 497 τινος
2608 433 2747 505 τάχα
2782 433 3112 504 μιάσματος,
3145 427 3304 496 οὗτος
3328 430 3679 500 ἁναθέματος

358 553 363 558 -
417 545 522 598 que
591 543 620 581 a
694 543 991 597 congressu
1061 525 1384 580 feminarum
1441 533 1494 578 et
1557 523 1759 593 nuptiis
1814 524 1988 578 absti-

2095 525 2169 594 τῷ
2203 525 2387 578 κανόνι
2428 528 2679 594 κέκριται
2711 528 2880 591 ἄξιος.

409 633 534 686 net,
593 625 734 694 quod
784 622 840 676 in
888 620 954 674 iis
998 617 1204 688 aliquid
1256 616 1433 671 inesse
1477 615 1701 670 sceleris
1753 615 2089 683 arbitretur;
2126 618 2495 672 anathematis
2533 634 2748 688 pinnam
2821 635 2887 674 ex
2938 619 3106 690 hujus
3169 620 3397 675 canonis
3453 619 3681 675 decreto

412 718 580 771 subit.

414 828 638 882 AltlST.
695 848 715 880 ι
752 827 878 882 Item
906 828 998 898 qui
1029 825 1392 895 virginitatem
1432 826 1563 879 colit
1614 839 1720 878 non
1768 821 1990 877 virtutis

491 941 506 968 ι
543 936 730 984 causa,
765 922 858 973 sed
891 921 1034 990 quod
1066 921 1474 974 matrimonium
1506 918 1882 982 ahominatur,
1916 917 1990 970 sit

497 1031 512 1060 ι
556 1013 862 1064 anathema.
899 1031 916 1062 ι

972 1125 1284 1180 CANON
1349 1125 1414 1179 Χ.

415 1240 435 1271 ι
466 1219 522 1273 Si
554 1221 676 1286 quis
701 1233 917 1280 eorum,
973 1220 1065 1287 qui
1121 1219 1487 1285 virginitatem
1521 1226 1741 1273 servant
1769 1223 1988 1285 propter

487 1333 505 1363 ι
545 1312 854 1373 Dominum,
919 1310 972 1364 in
1034 1310 1360 1380 conjugatos
1403 1308 1670 1371 insultet,
1723 1309 1797 1364 sit
1851 1320 1986 1361 ana-

484 1423 500 1452 ‹
546 1404 753 1454 thema.
802 1420 820 1452 ι

486 1513 678 1568 BALS.
753 1515 822 1568 Et
869 1529 1048 1568 nonus
1093 1523 1148 1567 et
1184 1529 1422 1583 priesens
1477 1527 1651 1566 canon
1698 1509 1984 1566 continen—

414 1610 579 1670 tiam,
629 1623 751 1676 qua:
797 1614 881 1661 est
930 1614 1150 1677 propter
1191 1605 1442 1659 virtutem
1492 1614 1546 1659 et
1593 1603 1979 1671 virginitatem,

413 1703 727 1771 suscipiunt
757 1721 771 1755 :
824 1710 1202 1754 verumtamen
1236 1699 1532 1767 legitimum
1574 1697 1981 1752 matrimonium

411 1788 526 1849 non
547 1775 888 1849 aversantur.
974 1790 1128 1846 Unde
1162 1800 1229 1845 ‘ct
1273 1806 1397 1850 eos,
1438 1790 1529 1859 qui
1576 1797 1796 1859 propter
1836 1787 1989 1842 inso-

411 1889 636 1942 lentiam
699 1888 754 1940 in
819 1884 1144 1954 coniugales
1221 1885 1577 1949 invehuntur,

412 1980 733 2048 subjiciunt.

1648 1885 1988 1938 anathemati

410 2108 837 2185 bzl’ARlST.
872 2109 1018 2175 «Qui
1064 2111 1116 2162 in
1151 2107 1499 2162 matrimonio
1541 2106 1762 2177 junctos
1813 2107 1989 2163 insul-

878 2219 898 2251 ι
925 2209 1044 2263 tat,
1075 2199 1146 2254 sit
1166 2199 1478 2253 anathema.
1506 2217 1524 2249 ›

1008 2310 1235 2368 CANON
1271 2311 1360 2366 XI.

421 2424 440 2458 ι
474 2406 530 2461 Si
565 2407 685 2476 quis
711 2415 1154 2470 contemnateos,
1187 2407 1278 2475 qui
1302 2419 1505 2476 agapas
1533 2421 1598 2460 ex
1625 2406 1730 2462 fide
1763 2406 1989 2476 faciunt,

490 2519 510 2551 ι
549 2511 601 2554 et
631 2507 852 2570 propter
897 2499 989 2554 Dei
1046 2500 1303 2553 honorem
1346 2497 1542 2553 fratres
1573 2509 1909 2566 convocant,
1939 2510 1995 2556 et

487 2612 506 2645 ι
545 2593 684 2647 nolit
729 2592 1112 2648 vacationibus
1157 2592 1603 2656 communicare,
1646 2592 1699 2646 id
1743 2592 1887 2662 quod
1937 2594 2000 2648 fit

493 2703 511 2736 ι
551 2684 911 2752 vilipendens,
943 2683 1015 2739 sit
1046 2683 1361 2736 anathema.
1403 2701 1422 2733 ι

492 2860 692 2917 BALS.
720 2861 859 2916 Aliis
905 2860 1212 2914 eanonibus
1243 2860 1468 2913 vetitum
1503 2867 1585 2913 est
1616 2857 1735 2913 fieri
1769 2871 1991 2928 agapas,

419 2955 472 3010 id
490 2963 593 3019 est,
614 2953 982 3008 fraternitates
997 2961 1050 3005 et
1067 2951 1335 3004 convivia.
1361 2949 1497 3019 Quia
1517 2961 1696 3004 autem
1724 2949 1993 3014 nonnulli,

417 3059 476 3103 ut
509 3056 592 3104 est
624 3046 920 3100 verisimile
942 3086 958 3106 .
1000 3059 1094 3100 eos
1139 3044 1304 3098 etiam
1355 3044 1866 3113 reprehendebant,
1900 3042 1994 3112 qui

416 3141 561 3195 bono
594 3139 882 3202 instituto,
917 3146 970 3192 et
1006 3147 1227 3206 propter
1256 3135 1352 3190 Dei
1389 3139 1675 3200 honorem,
1720 3135 1995 3190 faciebant

2090 818 2315 873 ΑΡΙΣΤ.
2385 835 2405 868 ι
2442 817 2550 870 Καὶ
2581 819 2608 870 ὁ
2658 816 2733 889 μὴ
2793 817 2882 872 διὰ
2940 817 3002 872 τὸ
3064 817 3231 872 καλὸν
3287 820 3675 891 παρθενεύωνο

2173 933 2191 966 ι
2229 912 2366 965 ἀλλὰ
2389 912 2477 966 διὰ
2500 912 2560 964 τὸ
2590 913 2680 966 τὸν
2708 912 2885 984 γάμον
2925 913 3332 984 βδελύττεσθαι,
3400 915 3488 986 εἴη
3539 917 3684 970 ἀνά-

2169 1025 2189 1058 ι
2229 1007 2392 1078 θεμα.
2441 1026 2460 1060 ι

2713 1122 2956 1175 ΚΑΝΩΝ
2986 1122 3040 1176 Ι’.

2100 1234 2116 1265 ι
2157 1212 2226 1266 Εἴ
2280 1231 2366 1276 τις
2417 1214 2527 1266 τῶν
2582 1213 3029 1283 παρθενευόντων
3057 1213 3143 1266 διὰ
3171 1213 3264 1266 τὸν
3305 1215 3511 1285 Κύριον
3555 1214 3682 1284 (25)

2175 1326 2193 1358 ι
2229 1307 2623 1378 κατεπαίροιτο
2715 1305 2825 1358 τῶν
2906 1307 3332 1374 γεγαμηκότων,
3419 1307 3688 1378 ἀνάθεμα

2175 1419 2192 1449 ι
2227 1399 2389 1454 ἔστω.
2426 1419 2444 1450 ι

2164 1515 2363 1567 ΒΑΛΣ.
2398 1516 2507 1568 Καὶ
2539 1517 2565 1568 ὁ
2601 1516 2822 1577 ἕννατος
2874 1514 3059 1569 κανὼν
3091 1515 3202 1585 (26)
3263 1516 3362 1568 καὶ
3400 1517 3427 1568 ὁ
3479 1515 3688 1586 παρὼν

2093 1605 2190 1676 τὴν
2213 1606 2284 1658 δι’
2311 1608 2512 1675 ἀρετὴν
2545 1607 2905 1677 σωφροσύνην
2937 1607 3032 1660 καὶ
3063 1609 3164 1677 τὴν
3200 1607 3497 1678 παρθενίαν
3531 1608 3672 1661 ἀποο

2093 1699 2338 1770 δέχονται
2367 1700 2479 1768 (27)
2506 1715 2520 1729 ’
2551 1699 2691 1771 πλὴν
2717 1701 2838 1753 οὐδὲ
2868 1701 2958 1753 τὸν
2999 1701 3231 1770 νόμιμον
3249 1701 3426 1770 γάμον
3461 1703 3684 1771 μυσάτ-

2097 1810 2306 1846 τονται.
2341 1793 2507 1846 Ὅθεν
2528 1794 2624 1846 καὶ
2653 1795 2783 1856 τοὺς
2808 1794 3316 1863 κατεπαιρομένους
3360 1794 3470 1862 (98)
3529 1793 3684 1846 κατὰ

2090 1885 2200 1938 τῶν
2227 1886 2461 1955 ἐχόντων
2486 1885 2793 1956 ὀμοζύγους
2831 1885 2920 1938 διὰ
2948 1887 3334 1955 ὑπερηφανξαν
3361 1883 3682 1952 ἀναθέματι

2091 1977 2512 2032 καθυποόἀλλου
2522 1997 2624 2033 σιν.
3697 1972 3703 1976 ’

2093 2093 2320 2149 ΑΡΙΣΤ.
2373 2117 2390 2145 ι
2452 2094 2512 2148 ’0
2547 2087 3024 2170 κατεσταιρόμενος
3056 2096 3165 2148 τῶν
3213 2093 3536 2164 γαμούντων
3588 2096 3684 2164 εἷὴ

2688 2185 2714 2236 ί
2754 2188 3020 2256 ἀνάθεμα.
3061 2207 3080 2238 ι

2681 2307 2920 2359 ΚΑΝΩΝ
2958 2308 3027 2358 ΙΑ
3049 2345 3061 2355 .

2167 2401 2236 2454 Et'
2252 2418 2334 2464 τις
2352 2397 2721 2469 καταφρονοίη
2745 2399 2853 2452 τῶν
2876 2401 2940 2450 ἐκ
2963 2397 3201 2460 πίστεως
3225 2397 3442 2463 ἀγάπας
3464 2396 3689 2450 ποιούν-

2173 2518 2192 2550 ‹
2237 2513 2366 2561 των,
2418 2495 2514 2546 καὶ
2543 2493 2634 2545 διὰ
2667 2493 2834 2563 τιμὴν
2863 2491 2958 2545 τοῦ
2994 2492 3199 2562 Κυρίου
3253 2489 3682 2558 συγκαλούντων

2171 2610 2190 2643 ‹
2234 2591 2360 2650 τοὺς
2413 2586 2696 2652 ἀδελφοὺς,
2750 2585 2952 2654 καὶμὴ
2998 2583 3174 2636 ἐθέλοι
3227 2586 3507 2636 κοινωνεῖν
3557 2583 3683 2645 ταῖς

2173 2699 2191 2731 ι
2240 2680 2488 2748 κλήσεσι,
2517 2679 2605 2730 διὰ
2635 2676 2693 2729 τὸ
2722 2675 3084 2741 ἑξευτελέζειν
3116 2673 3177 2727 τὸ
3197 2670 3680 2744 γινόμενον,’ἁνά-

2173 2787 2191 2819 ‹
2237 2767 2380 2836 θεμα
2407 2767 2570 2818 ἔστω.
2622 2785 2639 2816 ι

2167 2863 2368 2918 ΒΑΛΣ.
2411 2861 2546 2913 Ὑπὸ
2569 2861 2773 2930 ἐτέρων
2809 2861 3052 2914 κανόνων
3085 2861 3397 2914 κεκώλυται
3427 2860 3684 2929 γίνεσθαι

2098 2954 2338 3022 ἀγάπας,
2371 2953 2654 3006 τουτέστιν
2677 2953 3045 3024 ἁδελφοσύνας
3076 2954 3170 3006 καὶ
3193 2954 3493 3023 συμπόσια.
3520 2953 3684 3006 Ἐπεὶ

2097 3047 2154 3098 δέ
2180 3062 2348 3111 τινες,
2399 3046 2474 3107 ὡς
2503 3044 2700 3108 ἔοικεν,
2735 3045 3055 3116 ἐμέμφοντο
3085 3048 3179 3097 καὶ
3205 3045 3332 3108 τοὺς
3369 3043 3508 3113 μετὰ
3538 3046 3686 3112 ἁγα-

2100 3141 2197 3210 θῆς
2229 3139 2610 3208 προαιρέσεως
2642 3141 2732 3191 καὶ
2759 3138 2849 3191 διὰ
2881 3139 3047 3207 τιμὴν
3075 3139 3169 3189 τοῦ
3205 3138 3343 3190 Θεοῦ
3383 3137 3684 3198 ποιοῦντας

416 3247 656 3303 agapas,
705 3241 758 3284 et
814 3230 1089 3299 egentium
1151 3228 1384 3282 fratrum
1459 3229 1893 3294 miserebantur;
1945 3238 1997 3282 et

2103 3234 2347 3300 ἁγάπας,
2384 3233 2478 3284 καὶ
2519 3230 2807 3292 ἐλεοῦντας
2867 3232 3203 3300 πενομένους
3259 3229 3543 3298 ἀδελφοὺς,
3576 3229 3683 3282 καὶ

421 3326 682 3380 nolebant
717 3324 798 3378 eis
829 3322 1242 3376 communicare
1292 3323 1434 3375 bona
1469 3335 1634 3390 opera
1678 3321 1992 3390 agentibus,

418 3419 816 3487 vilipendentes
839 3411 892 3467 id
933 3412 1080 3482 quod
1117 3413 1176 3466 fit
1209 3413 1263 3466 in
1316 3413 1406 3467 Dei
1436 3413 1698 3467 honorem
1731 3431 1744 3465 :
1788 3421 1998 3468 statue-

419 3497 554 3568 runt
614 3510 804 3564 Patres
862 3525 958 3564 eos
1021 3505 1489 3560 anathematizari.
1548 3504 1730 3571 Quare
1780 3521 1844 3561 ex
1895 3507 1996 3560 hac

419 3600 784 3670 dispositione
854 3597 1254 3653 condemnatur
1334 3595 1600 3663 quispiam
1685 3595 1781 3665 qui
1867 3594 2002 3649 facit

421 3709 655 3763 agapas,
714 3691 798 3746 vel
842 3674 972 3745 non.
1016 3687 1081 3741 Et
1111 3688 1241 3742 hinc
1271 3687 1351 3750 fit,
1390 3695 1445 3738 ut
1494 3689 1588 3755 qui
1639 3687 1695 3741 in
1752 3687 2003 3742 ecclesiis

425 3787 635 3841 faciunt
698 3783 1089 3846 fraternitates,
1140 3789 1193 3833 et
1262 3780 1535 3833 modicum
1580 3780 1739 3848 panis
1777 3780 1843 3849 fet
1888 3778 2003 3832 fru-

425 3893 608 3935 ctuum
659 3875 945 3931 recreandi
1001 3872 1171 3927 animi
1208 3871 1379 3941 gratia
1429 3881 1674 3941 gustant,
1732 3889 1841 3926 non
1892 3873 2003 3926 sint

426 3969 709 4042 puniendi.

497 4084 746 4141 ZONAR.
790 4083 1017 4153 Antiqui
1060 4083 1231 4137 moris
1273 4082 1400 4137 olim
1442 4082 1544 4137 fuit
1595 4085 1741 4154 apud
1785 4083 1994 4151 fideles,

427 4186 487 4231 ut
518 4190 800 4232 sacrorum
854 4173 1242 4244 mysteriorum
1299 4173 1732 4244 \participatione
1781 4175 1992 4237 refecti,

424 4265 586 4319 simul
624 4263 688 4317 ad
725 4262 1056 4330 epulandum
1091 4273 1273 4334 postea
1308 4264 1702 4323 convenirent,
1737 4264 1809 4315 ita
1847 4263 1996 4318 scili-

425 4366 532 4420 cet,
598 4364 656 4408 ut
711 4354 849 4409 cibis
912 4353 1235 4407 editiorum
1295 4369 1438 4423 penu
1503 4353 1865 4420 ministratis,
1925 4354 2039 4427 ad.

2097 3327 2198 3378 οὐκ
2225 3325 2418 3396 ἤθελον
2448 3325 2835 3390 συγκοινωνείν
2861 3325 2973 3385 τοῖς
3002 3321 3176 3384 οὕτως
3210 3320 3683 3391 ἀγαθοεργοῦσιν,

2099 3416 2532 3483 ὲξευτελίζοντες
2587 3416 2646 3468 τὸ
2698 3415 2986 3484 γινόμενον
3039 3417 3121 3476 εἰς
3165 3416 3332 3484 τιμὴν
3375 3413 3470 3466 τοῦ
3512 3413 3687 3479 Θεοῦ,

2097 3509 2304 3580 ὥρισαν
2335 3509 2383 3558 οἱ
2417 3506 2660 3577 Πατέρες
2688 3506 2914 3569 τούτους
2945 3506 3462 3574 ἀναθεματίζεσθαι.
3510 3506 3690 3559 Ὥστε

2097 3597 2206 3650 ἀπὸ
2237 3596 2335 3664 τῆς
2387 3594 2682 3658 διαθέσεως
2729 3597 3154 3659 καταδικάζεταί
3193 3615 3281 3664 τις
3321 3596 3421 3659 τὰς
3455 3597 3689 3664 ἀγάπας

2098 3687 2289 3750 ποιῶν,
2315 3687 2427 3739 εἴτε
2455 3689 2550 3740 καὶ
2587 3688 2684 3757 μή.
2714 3687 3025 3741 Κάντεῦθεν
3059 3689 3152 3742 καὶ
3181 3691 3228 3741 οἱ
3255 3691 3355 3752 τὰς
3382 3690 3656 3758 ἁδελφοσύ

2098 3796 2197 3843 νας
2221 3782 2296 3842 ίέν
2337 3782 2486 3844 ταῖς,
2514 3780 2837 3849 ἐκκλησίαις
2883 3782 3190 3845 ποιοῦντες,
3243 3784 3338 3834 καὶ
3373 3782 3546 3852 ἄρτου
3579 3801 3689 3854 με-

2099 3875 2252 3942 τρίου
2290 3874 2383 3926 καὶ
2413 3873 2659 3944 ςόπωρῶν
2706 3874 2793 3926 διὰ
2838 3874 3202 3944 ψυχαγωγίαν
3250 3877 3687 3946 ἀπογευόμενοι,

2099 3967 2200 4020 οὐκ
2235 3966 2746 4035 ὲπιτιμηθήσονται.

2173 4081 2421 4136 ΖΩΝΛΡ.
2462 4084 2676 4136 Εῐθιστο
2731 4083 2789 4149 ἐξ
2843 4083 2997 4147 ἔθους
3049 4085 3281 4155 ἀρχαίου
3313 4089 3430 4150 τοῖς
3471 4092 3690 4155 πιστοῖς

2108 4177 2248 4245 μετὰ
2279 4176 2378 4245 τήν
2413 4176 2520 4228 τῶν
2557 4177 2922 4246 ἁγιασμάτων
2957 4179 3266 4247 μετάληψιν
3313 4181 3686 4250 συνέρχεσθαι

2105 4270 2200 4320 καὶ
2235 4267 2561 4332 συνεσθίειν,
2588 4269 2698 4320 τῶν
2728 4269 3001 4324 πλουσίων
3029 4271 3414 4341 χορηγούντων
3443 4274 3512 4326 τὰ
3537 4275 3691 4345 βρώ-

2113 4379 2281 4430 ματα,
2319 4361 2739 4430 συγκαλούντων
2781 4362 2838 4415 δὲ
2873 4365 2968 4416 καὶ
3023 4355 3150 4428 τοὺς
3182 4366 3425 4437 πένητας
3450 4383 3464 4398 ·
3496 4363 3557 4422 οὗ
3587 4370 3692 4423 καὶ

1659 4513 1846 4580 Guill.
1884 4482 2218 4595 'Beveregii
2251 4526 2434 4581 notaa-

503 4661 743 4736 (25)_EZ
762 4679 876 4736 Δτις
909 4663 1027 4736 τῶν
1064 4660 1717 4736 ειτιιρϐενευόνξτων-Α*διὰΔ
1747 4661 1852 4734 τον
1893 4663 1997 4715 Κύ-

2112 4667 2626 4731 bus,'verumeliam
2657 4680 2698 4736 a;
2727 4667 2939 4723 Joanne
2969 4669 3334 4734 Antiocheno,
3363 4679 3417 4726 et
3459 4672 3690 4727 univer-

425 4729 918 4806 pto'r.'Gentianus
974 4729 1234 4806 llervetus
1298 4733 1485 4793 vertit,
1538 4729 1745 4806 §iquis
1795 4731 1995 4806 eorum,

429 4801 517 4872 qui
558 4813 676 4857 sunt
701 4805 920 4871 virgines
954 4814 1162 4872 propter
1197 4802 1498 4857 Dominum.
1536 4801 1760 4856 Rectius
1799 4803 1999 4872 Diony-

431 4881 544 4928 sius
571 4874 808 4941 Exiguus
837 4916 850 4937 ,
893 4875 952 4928 Si
989 4878 1102 4943 quis
1142 4889 1343 4943 eorum.
1375 4873 1463 4940 qui
1497 4872 1846 4943 uirginitatem
1876 4890 2002 4943 pro-

431 4959 543 5011 pter
617 4945 893 4997 hominum
961 4941 1191 4998 servant.
1278 4941 1441 4996 Vetus
1503 4941 1771 5012 interpres
1825 4941 1998 4997 totum

434 5029 804 5070 cauonemsnc
842 5015 1003 5068 vertit
1029 5033 1042 5067 :
1073 5013 1131 5066 Si
1153 5015 1269 5081 quis
1295 5013 1644 5080 virginitatem
1679 5015 2000 5077 custodiens,

432 5089 630 5138 exultat
665 5102 718 5136 re
771 5085 834 5137 ab
875 5085 953 5136 liis
987 5087 1074 5152 qui
1121 5085 1344 5148 nubunt,
1374 5083 1442 5135 sit
1494 5086 1773 5138 anathema
1815 5101 1830 5149 ;
1865 5100 1929 5138 ac
1957 5099 2002 5135 st

433 5158 595 5209 verba
637 5156 724 5207 διὰ
754 5156 845 5207 τὸν
879 5153 1084 5220 Κύριον
1138 5169 1242 5206 non
1291 5154 1530 5220 legisset.
1601 5154 1695 5208 Hic
1747 5163 2007 5224 praeterea

437 5236 676 5289 notetur,
703 5227 770 5277 ab
804 5226 904 5278 hoc
929 5225 1147 5276 demum
1182 5238 1393 5277 ratione
1423 5239 1597 5294 usque
1627 5225 1692 5279 ad
1725 5225 2005 5294 ultimum,

437 5298 678 5349 ordinem
713 5309 901 5346 eorum
933 5295 986 5346 in
1012 5295 1199 5348 codice
1223 5291 1657 5350 Amerbacliiano
1709 5291 2007 5357 immutari,

432 5366 485 5419 in
519 5368 660 5419 hunc
683 5365 932 5434 modumj:

546 5443 597 5488 ι’.
644 5439 749 5504 ια’.
779 5432 866 5504 ιβ’.
904 5432 1002 5504 ιγ’.
1045 5435 1129 5489 ιδ’.
1172 5433 1252 5490 ιε’.
1297 5444 1392 5499 ις’.
1438 5436 1523 5500 ιζ’.
1570 5442 1658 5503 ιη’.
1704 5435 1787 5491 ιϐ’.
1829 5434 1899 5490 κ’.

545 5506 629 5559 ιϐ’.
674 5502 771 5567 ις’,
803 5502 868 5558 ι’.
913 5502 1002 5559 ια’.
1049 5506 1137 5576 ιβ’.
1183 5513 1271 5574 ιγ’.
1316 5509 1398 5560 ιδ’.
1444 5505 1524 5560 ιε’.
1573 5502 1654 5562 ιζ’.
1704 5506 1792 5574 ιη’.
1832 5513 1903 5560 κ’.

439 5578 575 5631 adeo
622 5583 681 5628 nt
712 5592 947 5644 praesens
980 5579 1066 5631 hic
1134 5579 1402 5641 decimus,
1471 5578 1524 5631 in
1564 5577 1670 5630 isto
1694 5578 1882 5631 codice
1935 5582 2006 5635 sit

447 5647 884 5701 undevicesimus
914 5664 1112 5702 canon.
1172 5648 1278 5701 Sed
1311 5649 1445 5700 ordo
1480 5649 1674 5700 horum
1731 5663 2002 5704 canonum

438 5717 592 5784 juxta
656 5716 1002 5772 Bodleianum
1072 5719 1314 5772 codicem
1369 5717 1458 5770 hic
1516 5719 1815 5786 impressus
1860 5717 2002 5772 idem

442 5797 544 5849 est,
574 5787 666 5854 qui
705 5801 808 5840 non
838 5789 998 5843 modo
1029 5791 1096 5843 a'b
1141 5789 1399 5844 omnibus
1453 5787 1662 5842 Latinis
1693 5791 2005 5857 interpreti-

2107 4739 2186 4793 sis
2245 4738 2586 4812 Balsamonis
2636 4751 2703 4812 et
2773 4738 2998 4794 Zonarte
3061 4741 3392 4807 codicibus,
3455 4754 3690 4812 excepto

2105 4808 2561 4867 Amerbachiano.
2593 4811 2942 4865 observatur.

2144 4877 2254 4953 (ἓξ)
2283 4879 2391 4931 Καὶ
2418 4881 2450 4931 ὀ
2476 4879 2726 4953 Extra???
2776 4881 2996 4953 κανών.
3062 4881 3186 4953 Haec
3216 4882 3595 4953 interpretatio
3631 4887 3690 4941 in

2107 4950 2298 5003 codice
2355 4951 2792 5004 Amerbachiano
2844 4952 3066 5020 utrique
3123 4950 3432 5006 Balsamoni
3493 4964 3546 5008 et
3575 4956 3688 5009 Zo-

2106 5033 2279 5094 nar-ie,
2317 5021 2626 5094 communis
2685 5023 3102 5094 esu,_neut_rius
3147 5023 3383 5091 nomine
3433 5026 3688 5094 praefixo,

2109 5088 2565 5161 scdsimpliciter
2597 5089 2862 5161 ἑρμηνεία
2891 5091 3112 5147 dicitur.

2185 5160 2296 5229 (9.7)
2351 5159 2460 5213 Καὶ
2495 5159 2609 5226 τὴν
2651 5159 2976 5228 παρθενίαν
3006 5161 3426 5231 ἀποδέχονται.
3480 5163 3688 5222 Vocem

2114 5230 2471 5300 ἀποδέχονται
2547 5231 2602 5283 in
2664 5231 2960 5286 l’arisiensi
3040 5230 3380 5289 Balsamonis
3439 5235 3690 5292 editione

2117 5301 2476 5374 desideratam
2529 5316 2592 5374 ex
2626 5317 2728 5374 ms.
2793 5302 3090 5358 Bodleiano
3137 5307 3545 5374 supplevimus;
3589 5312 3689 5363 sed

2120 5371 2316 5441 legitur
2347 5371 2507 5424 etiam
2535 5371 2586 5424 in
2616 5372 3072 5429 Amerbachiano.

2191 5442 2306 5511 (28)
2338 5441 2615 5512 [falae/bc
2640 5445 3204 5512 κατεπαιρομένους.
3225 5444 3355 5500 Post
3375 5447 3488 5500 bare
3518 5449 3686 5501 etiam

2120 5510 2293 5566 verba
2337 5515 2390 5564 in
2443 5510 2737 5566 Parisiensi
2773 5510 3009 5567 editione
3069 5520 3261 5570 lacuna
3324 5519 3512 5570 relicta
3576 5529 3683 5580 est,

2120 5597 2282 5654 quam
2320 5584 2691 5654 suppievimus
2731 5601 2794 5637 ex
2829 5600 2928 5637 ms.
2988 5587 3303 5654 Bodleiano,
3344 5604 3502 5641 voces
3543 5593 3689 5640 κατὰ

2105 5653 2212 5706 τῶν
2239 5653 2468 5726 ἐχόντων
2517 5653 2939 5708 intcrserendo:
2983 5672 3104 5726 quae
3169 5661 3334 5713 etiam
3387 5661 3445 5712 in
3494 5659 3690 5714 codice

2105 5725 2545 5778 Amerbachiano
2586 5726 2873 5780 trahentur.
