4076 6394
445 280 584 348 1259

524 505 543 539 ι
580 493 729 540 textu
762 484 1006 553 negligit,
1042 481 1115 536 sit
1161 477 1472 533 anathema.
1512 494 1533 529 ι

522 576 717 632 BALS.
772 574 1028 629 Ecclesiae
1077 573 1268 627 doctor
1300 583 1531 641 magnus
1562 567 1788 631 Paulus,
1837 568 1906 623 de
1939 567 2022 621 vi-

444 671 575 725 duis
627 667 967 738 praecipiens,
1019 665 1133 719 haec
1188 662 1367 717 dicit:
1407 661 1469 715 Si
1514 678 1619 731 qua
1646 672 1820 715 autem
1866 660 2024 715 vidua

450 759 599 813 habet
645 759 782 827 ﬁlios
805 797 819 820 ,
852 757 1063 809 discant
1094 752 1324 821 primum
1371 751 1425 803 in
1477 749 1691 804 domum
1725 765 1880 803 suam
1912 766 2024 804 esse

447 852 543 921 pii.
573 848 685 903 Hoc
711 858 784 902 est
818 847 957 902 enim
990 844 1090 899 Deo
1122 852 1392 911 acceptum
1418 844 1460 894 ⁷.
1486 842 1550 894 Ει
1589 844 1752 911 paulo
1781 853 1937 913 post:
1966 842 2024 898 Si

450 944 567 1012 quis
620 950 795 994 autem
848 953 1089 999 suorum,
1134 942 1185 988 et
1228 934 1458 987 maxime
1503 931 1905 985 domesticorum
1934 948 2027 985 cu-

446 1046 565 1083 ram
590 1044 690 1083 non
714 1027 869 1097 gerit,
892 1026 1050 1094 ﬁdem
1078 1022 1306 1090 negavit,
1326 1030 1374 1074 et
1402 1030 1477 1074 est
1505 1020 1709 1087 inﬁdeli
1734 1019 1963 1073 deterior
1979 1021 2021 1075 ⁸.

451 1119 659 1175 Deinde
691 1132 958 1188 quasnam
1000 1120 1215 1182 oportet
1250 1110 1445 1165 viduas
1476 1109 1531 1164 in
1572 1108 1833 1163 Ecclesia:
1871 1117 2024 1163 cata-

1703 273 1984 336 TIlEOD.
2028 273 2429 337 BALSAMON

522 414 541 446 ι
583 391 1015 463 religionemque
1048 386 1289 455 adducit,
1322 382 1420 441 scd
1453 384 1867 441 excrettationis
1896 398 2024 455 prae.
2055 390 2098 446 Α

3562 274 3708 338 1260

2208 402 2225 435 ι
2268 381 2492 437 σέϐειαν
2522 380 2619 454 τὴν
2656 384 3041 454 προσήκουσαν
3070 382 3270 454 ἀνάγῃ,
3304 381 3441 436 ἀλλᾶ
3485 385 3712 452 προτρά-

2208 495 2227 529 ι
2274 492 2357 529 σει
2392 477 2490 547 τῆς
2522 476 2812 548 ἀσκήσεως
2840 474 3094 544 ἀμελοίη.
3124 474 3373 544 ἀνάθεμα
3396 471 3591 527 ἔστω.»

2199 566 2395 619 ΒΑΑΣ.
2441 565 2500 619 '0
2540 568 2639 635 τῆς
2702 565 3027 635 Ἐκκλησίας
3088 564 3412 627 διδάσκαλος
3461 565 3489 616 ὁ
3530 567 3713 634 μέγας

2128 657 2340 720 Παῦλος
2384 658 2512 728 περὶ
2539 656 2733 727 χηρῶν
2755 655 3178 726 διαταττόμενός
3242 672 3407 725 φησιν
3438 671 3451 684 ο
3508 658 3577 708 Et
3637 655 3712 709 es

2126 767 2217 815 τις
2272 748 2431 818 χήρα
2476 748 2662 802 τέκνα
2689 750 2726 817 ἢ
2758 749 2978 818 ἔγγονα
3020 750 3169 817 ἔχει,
3232 748 3712 816 μανθανέτωσαν

2126 842 2363 913 πρῶτον
2385 842 2493 897 τὸν
2519 842 2676 896 ἴδιον
2690 838 2859 896 οἷκον
2886 840 3178 895 εὐσεϐεῖν.
3203 840 3383 893 Τοῦτο
3409 838 3520 907 γάρ
3535 840 3713 893 ἐστιν

2102 932 2477 989 ’ἀποδεκτόν
2507 932 2587 998 τῷ
2624 932 2766 997 Θεῷ.
2796 933 2905 984 Καὶ
2942 931 3060 1002 μετ’
3092 931 3249 999 ὀλίγα
3275 946 3290 962 ·
3352 933 3424 983 Et
3469 930 3536 983 δέ
3616 936 3711 996 τις

2126 1026 2245 1079 τῶν
2276 1026 2444 1079 ἰδίων
2466 1025 2564 1079 καὶ
2586 1024 2859 1093 μάλιστα
2886 1022 3006 1077 τῶν
3032 1024 3264 1077 οἰκείων
3323 1024 3395 1075 οὺ
3432 1020 3708 1088 προνοεῖ-

2125 1133 2241 1184 ται,
2269 1117 2385 1185 τὴν
2413 1119 2623 1171 πίστιν
2656 1115 2926 1184 ἤρνηται,
2960 1116 3058 1169 καὶ
3096 1115 3271 1168 ἔστιν
3291 1114 3554 1168 ἀπίστου
3579 1116 3709 1183 χεί-

448 1212 632 1281 logum
679 1208 869 1265 referri
904 1209 1125 1270 docens,
1159 1212 1355 1274 praeter
1385 1201 1490 1255 alia
1531 1201 1701 1255 dicit:
1734 1199 1790 1255 Si
1822 1200 2024 1255 liberos

2124 1226 2265 1277 ρων.
2305 1205 2459 1273 Εἶτα,
2492 1207 2613 1271 οἵας
2642 1208 2750 1278 χρὴ
2774 1208 2870 1270 τὰς
2912 1207 3091 1277 χήρας
3130 1208 3197 1275 τῇ
3238 1204 3538 1276 Ἐκκλησία
3595 1224 3706 1258 κα·

453 1303 763 1358 nutrierint.
799 1300 867 1355 Et
900 1312 1093 1355 rursus
1122 1296 1246 1351 alibi
1278 1295 1345 1349 de
1373 1293 1572 1349 vetulis
1604 1293 1863 1362 loquens,
1908 1291 2024 1346 vult

2126 1301 2457 1371 ταλέγεσοαι
2488 1300 2779 1364 διδάσκων,
2816 1301 2951 1370 πρὸς
3021 1302 3137 1361 τοῖς
3178 1297 3379 1363 ἄλλοις,
3444 1300 3511 1351 El
3565 1298 3700 1351 ἐτε-

449 1410 547 1453 eas
585 1399 735 1449 recta
772 1393 993 1457 docere,
1030 1398 1089 1444 ut
1117 1388 1349 1459 juvenes
1387 1386 1675 1441 instituant
1703 1384 1769 1437 ad
1800 1383 2024 1453 diligen-

2132 1395 2587 1461 κνοτρόφησαν,
2618 1392 2774 1461 φησι.
2811 1390 2918 1443 Kal
2942 1388 3173 1460 ἀλλαχοῦ
3203 1391 3364 1442 πάλιν
3396 1390 3525 1459 περὶ
3558 1406 3708 1458 πρε-

454 1487 553 1543 dos
584 1486 809 1539 maritos
830 1493 881 1538 ct
909 1482 1129 1537 liberos.
1158 1477 1226 1532 Et
1252 1476 1401 1543 alibi,
1431 1474 1643 1543 Patres,
1664 1476 1859 1528 nutrite
1885 1474 2024 1543 ﬁlios

2128 1484 2392 1538 σϐυτίδων
2465 1484 2913 1553 διαταττόμενος,
2990 1483 3477 1545 καλοδιδασκάλους
3528 1483 3709 1544 αὑτὰς

451 1578 511 1630 in
551 1573 832 1641 disciplina
866 1582 913 1625 et
944 1568 1302 1624 admonitione
1342 1565 1559 1619 Domini
1584 1566 1626 1617 ’.
1655 1563 1793 1629 Quia
1838 1574 2020 1619 autem

2125 1570 2264 1627 εἶναι
2301 1573 2465 1639 θέλει,
2504 1573 2590 1626 ἵνα
2622 1574 3002 1644 σωφρονίςωσι
3056 1573 3153 1636 τὰς
3179 1573 3308 1636 νέας
3381 1572 3709 1647 φιλάνδρους

451 1666 799 1725 Eustathiani
834 1664 1003 1733 legem
1038 1660 1307 1722 ferebant,
1357 1668 1417 1712 ut
1465 1657 1559 1726 qui
1608 1656 1811 1711 liberos
1845 1656 2021 1709 habe-

2124 1662 2267 1719 εἶναι
2304 1666 2397 1718 καὶ
2425 1664 2793 1734 φιλοτέκνους.
2829 1666 2935 1718 Καὶ
2984 1666 3041 1718 ὲν
3078 1665 3223 1735 ἄλλῳ
3264 1677 3278 1693 ⁸
3314 1667 3379 1718 Ol
3424 1663 3712 1730 πατέρες,

447 1759 605 1823 bant,
656 1772 750 1812 eos
781 1756 1178 1821 relinquerent,
1214 1761 1267 1804 et
1298 1749 1368 1803 ad
1416 1748 1861 1803 exercitationem
1904 1746 2021 1800 abi-

2128 1757 2443 1827 ὲκτρέφετε
2474 1757 2548 1811 τὰ
2578 1757 2765 1811 τέκνα
2791 1758 2861 1811 ἐν
2887 1757 3124 1824 παιδείᾳ
3153 1757 3251 1811 καὶ
3283 1757 3353 1809 ἐν
3412 1758 3715 1821 νουθεσίᾳ

452 1858 595 1913 rent,
654 1863 750 1902 eos
780 1849 871 1916 qui
904 1847 1006 1899 hoe
1040 1854 1207 1911 agunt
1268 1856 1447 1895 canon
1509 1840 1861 1894 anathemate
1898 1853 2019 1908 per-

448 1940 645 1995 cussit.
684 1937 749 1991 Et
784 1939 883 1989 hoc
918 1936 1137 2004 quidem
1187 1931 1469 1988 definitum
1508 1939 1591 1985 est
1638 1941 1855 2000 promer
1904 1933 2026 2000 pios

449 2044 656 2092 mores,
692 2037 746 2081 et
776 2034 997 2098 propter
1027 2039 1144 2090 eos,
1177 2023 1272 2094 qui
1302 2022 1427 2077 ﬁcte
1463 2037 1527 2076 ac
1560 2038 1654 2091 per
1687 2025 2017 2092 hypocrisin,

375 2120 380 2125 ’
449 2129 508 2174 ut
545 2120 753 2174 dictum
800 2126 902 2185 est,
941 2118 1197 2187 pietatem
1236 2115 1455 2179 docent,
1503 2123 1560 2169 et
1591 2116 1685 2184 qui
1727 2118 1781 2168 in
1814 2116 2019 2171 mundo

2129 1852 2375 1918 Κυρίου.
2447 1849 2604 1904 Ἐπεὶ
2631 1850 2688 1903 δὲ
2716 1851 2765 1903 οἱ
2815 1852 2946 1921 περὶ
2992 1851 3086 1903 τὸν
3144 1849 3442 1902 Εὐστάϐιον
3509 1852 3716 1917 ἐνομο-

2129 1940 2323 1994 θέτουν
2356 1942 2485 2004 τοὺς
2521 1941 2745 2011 ἔχοντας
2769 1942 2972 2005 παῖδας
3011 1940 3452 2011 καταλιμπάνειν
3479 1940 3715 2002 αὐτοὺς,

2129 2033 2224 2085 καὶ
2250 2032 2470 2085 ἀπιέναι
2500 2032 2637 2101 πρὸς
2672 2031 2931 2102 ἄσκησιν,
2998 2032 3389 2102 ἀνεθεμάτισεν
3435 2032 3462 2082 ὁ
3523 2028 3717 2082 κανὼν

2125 2125 2253 2187 τοὺς
2273 2123 2433 2176 τοῦτο
2458 2122 2776 2186 ποιοῦντας.
2822 2124 2935 2178 Kal
2983 2124 3146 2177 τοῦτο
3216 2124 3315 2194 μὲν
3369 2122 3581 2192 ὡρίσθη
3619 2121 3718 2175 διὰ

449 2213 640 2281 utique
675 2218 986 2265 versantur.
1019 2208 1075 2262 Si
1107 2205 1233 2277 quis
1266 2214 1445 2260 autem
1485 2214 1699 2269 tonsus,
1730 2215 1783 2260 et
1818 2206 1871 2258 in
1903 2221 2021 2260 mo-

2126 2220 2218 2273 τδν
2244 2220 2449 2288 τρόπον
2490 2220 2744 2290 θεοσεϐῆ,
2769 2222 2871 2294 καὶ,
2930 2204 3016 2274 διὰ
3048 2221 3178 2283 τοὺς
3217 2220 3591 2281 διδάσκοντας,
3631 2218 3719 2282 ὡς

451 2304 691 2359 nasterio
738 2302 983 2357 habitare
1026 2309 1275 2365 coactus,
1321 2298 1453 2353 dicit
1492 2313 1553 2352 se
1630 2297 1833 2351 habere
1881 2299 2016 2352 libe-

2126 2315 2365 2386 εῖρηται,
2398 2316 2498 2386 τὴν
2527 2314 2650 2377 καθ’
2696 2316 2988 2387 ὑπόκρισιν
3047 2315 3365 2378 εὐλάϐειαν,
3416 2317 3511 2367 καὶ
3574 2314 3719 2376 τοὺς

452 2415 566 2465 ros,
602 2408 657 2453 et
692 2415 801 2453 non
846 2411 1009 2468 posse
1050 2396 1328 2452 abstinere
1377 2394 1677 2465 quominus
1725 2398 1778 2448 in
1817 2398 2020 2450 mundo

2126 2405 2184 2458 ὲν
2217 2405 2294 2475 τῷ
2328 2406 2522 2475 κόσμῳ
2544 2406 3064 2477 ἀναστρεφομένους
3101 2423 3116 2438 ο
3151 2408 3200 2458 εἰ
3242 2406 3299 2458 δέ
3326 2422 3432 2469 τις,
3490 2406 3717 2459 ἀποκα-

446 2499 716 2554 versetur,
754 2498 811 2545 et
846 2490 994 2558 ipsos
1027 2489 1256 2552 nutriat,
1298 2494 1352 2541 et
1386 2494 1709 2556 praesentem
1752 2500 2019 2539 canunem

2124 2496 2239 2564 ρεὶς
2258 2497 2353 2547 καὶ
2377 2494 2826 2565 ἀναγκαζόμενος
2855 2498 2912 2548 ὲν
2951 2500 3086 2567 μονῇ
3110 2497 3341 2563 διάγειν,
3373 2495 3520 2562 λέγει
3538 2494 3715 2547 τέκνα

448 2584 505 2639 in
554 2584 820 2637 auxilium
870 2581 1148 2652 producit,
1181 2594 1291 2635 non
1324 2578 1680 2646 exaudietur;
1713 2578 1807 2633 sed
1842 2579 2024 2634 audiet

2124 2583 2289 2653 ἔχειν,
2322 2587 2415 2638 καὶ
2453 2585 2528 2655 μὴ
2553 2585 2815 2641 δύνασθαι
2846 2588 3156 2658 ἀποστῆναι
3188 2590 3283 2641 τοῦ
3317 2588 3609 2655 διάγεινὲν
3632 2586 3713 2655 τῷ

450 2690 511 2731 se
545 2674 660 2729 hinc
690 2690 799 2727 non
839 2681 984 2727 recte
1014 2671 1195 2726 dicere
1226 2688 1240 2723 :
1275 2668 1386 2723 Deo
1418 2671 1562 2724 enim
1594 2686 1741 2725 cura:
1772 2671 1895 2735 erit,
1931 2672 2024 2741 qni

2124 2673 2312 2743 κόσμῳ
2343 2675 2433 2726 καὶ
2470 2678 2857 2746 τεκνοτροφεῖν
2917 2678 3079 2743 αὐτὰ,
3148 2679 3242 2731 καὶ
3304 2679 3395 2730 τὸν
3454 2676 3710 2747 παρόντα

447 2775 537 2824 est
574 2767 734 2820 Pater
766 2765 1163 2834 orphanorum,
1199 2762 1438 2817 ﬁliorum
1470 2761 1589 2831 ejus
1622 2762 1897 2817 educatio.

2125 2766 2328 2818 κανόνα
2356 2767 2716 2837 προστίθησιν
2757 2770 2838 2831 εἰς
2887 2769 3165 2840 βοήθειαν,
3206 2770 3308 2822 οὐκ
3339 2768 3711 2839 εἰσακουσθή-

450 2880 605 2920 σεται
635 2876 653 2893 ⁸
686 2862 802 2914 ἀλλ’
827 2860 1053 2914 ἀκούσει
1088 2859 1164 2930 μὴ
1192 2858 1373 2923 καλῶς
1398 2860 1571 2913 ταῦτα
1626 2858 1830 2928 λέγειν.
1896 2859 2141 2933 Μελήσει
2176 2863 2285 2933 γὰρ
2320 2864 2397 2934 τῷ
2428 2862 2549 2936 Θεῷ
2583 2866 2661 2935 τῷ
2681 2866 2859 2936 Πατρὶ
2936 2866 3046 2919 τῶν
3112 2864 3370 2935 ὀρφανῶν
3454 2866 3549 2917 καὶ
3608 2868 3711 2934 τῆς

447 2960 558 3012 τῶν
585 2958 793 3010 τέκνων
837 2955 1033 3008 τούτου
1073 2952 1396 3021 ἀναγωγῆς.

524 3048 774 3105 ΖΟΝΑΒ.
835 3048 985 3101 Ferte
1042 3060 1263 3115 quoque
1325 3054 1516 3115 partus
1574 3058 1705 3101 suos
1769 3046 2021 3101 nutriunt

2186 3048 2435 3104 ZQNH’.
2518 3047 2627 3099 Καὶ
2655 3048 2701 3099 οἱ
2762 3046 2932 3119 θῆρες

452 3150 759 3210 cnrantqne
796 3152 1003 3208 proque
1036 3138 1105 3192 iis
1140 3135 1359 3191 tuendis
1404 3136 1647 3204 pericula
1688 3138 2021 3207 suscipiunt.

452 3236 594 3305 Ergo
624 3235 669 3288 si
708 3234 810 3285 hoc
829 3239 984 3300 pacto
1004 3228 1269 3296 lcrmerga
1291 3231 1431 3283 fetus
1467 3243 1599 3283 suos
1625 3238 1755 3282 sunt
1792 3228 2021 3295 allectze,

451 3337 659 3397 quanto
710 3324 884 3391 magis
935 3320 1029 3390 qui
1082 3320 1314 3374 rationis
1367 3335 1595 3375 munere
1646 3321 1824 3374 ornati
1873 3331 2024 3389 sunt,

454 3419 581 3471 filiis
605 3412 905 3469 educandis
934 3424 1119 3463 curant
1138 3424 1202 3462 ac
1230 3409 1469 3463 studium
1503 3421 1761 3479 praestare
1791 3410 2019 3464 debentl

451 3507 816 3576 Quamobrem
872 3516 1103 3571 magnus
1138 3516 1356 3570 quoque
1413 3500 1635 3564 Paulus,
1701 3501 1829 3555 dum
1891 3517 2024 3572 pra:-

448 3610 606 3669 θυμω
638 3594 853 3650 vivendi
883 3593 1066 3648 viduis
1094 3592 1420 3661 praescribit,
1450 3590 1625 3661 Siqua
1651 3608 1793 3657 vero,
1826 3593 2021 3663 inquit,

448 3696 606 3751 uidua
637 3691 777 3761 ﬁlios
820 3701 908 3742 aut
959 3698 1168 3757 nepotes
1218 3688 1393 3752 liabet,
1453 3689 1660 3742 discant
1710 3690 1939 3757 primum
1970 3689 2025 3741 in

449 3792 666 3843 domum
695 3799 847 3837 suam
878 3795 989 3835 esse
1025 3781 1120 3848 pii.
1160 3778 1272 3832 Hoc
1301 3780 1440 3833 enim
1473 3778 1580 3834 Deo
1609 3790 1688 3834 est
1733 3790 2021 3845 acceptum.

454 3886 517 3935 l‘t
549 3880 711 3949 paulo
746 3883 906 3946 post:
962 3872 1020 3927 Si
1066 3874 1181 3943 quis
1213 3883 1389 3926 autem
1431 3888 1671 3940 suorum,
1718 3882 1766 3927 et
1799 3873 2024 3925 maxime

448 3970 883 4029 domesticorum,
913 3979 1096 4017 curant
1143 3979 1245 4017 non
1290 3965 1464 4028 habet,
1518 3964 1675 4033 fidem
1717 3964 1945 4033 negavit,
1972 3970 2023 4015 et

446 4074 527 4117 est
566 4060 770 4130 inﬁdeli
820 4060 1068 4112 deterior.
1104 4055 1312 4111 Deinde
1356 4058 1544 4126 quales
1578 4056 1770 4111 viduas
1805 4057 1871 4109 ab
1918 4053 2023 4110 Ec-

451 4157 617 4211 clesia
658 4153 783 4223 eligi
824 4158 1076 4220 oporteat
1112 4149 1338 4215 docens,
1390 4158 1585 4217 praeter
1614 4148 1717 4201 alia
1753 4146 1943 4213 etiam,
1976 4147 2021 4202 si

452 4252 653 4304 liberos
696 4245 1083 4306 cnutriverint,
1114 4243 1316 4312 inquiri
1344 4240 1522 4309 jubet.
1548 4240 1617 4293 Et
1638 4239 1767 4293 alibi
1805 4253 2020 4304 rursus,

449 4343 516 4395 dc
559 4338 868 4395 senioribus
910 4336 1253 4406 praecipiens,
1297 4348 1392 4387 eas
1430 4340 1576 4387 recta
1622 4332 1821 4386 docere
1846 4331 2021 4400 jubet,

3006 3046 3137 3108 τοὺς
3221 3041 3501 3114 σκύμνους
3575 3045 3712 3108 τοὺς

2125 3141 2341 3195 ἑαυτῶν
2374 3139 2640 3210 τρέφουσε
2664 3157 2720 3190 τε
2751 3139 2846 3191 καὶ
2903 3140 3253 3209 περιέπουσι,
3330 3138 3427 3189 καὶ
3476 3152 3706 3206 προκιν-

2124 3234 2439 3289 δυνεύουσιν
2475 3233 2677 3286 αὐτῶν.
2714 3232 2775 3284 Εἰ
2800 3232 2845 3284 δ’
2874 3231 3048 3289 οὕτως
3088 3231 3392 3283 διάκεινται
3426 3229 3494 3282 τὰ
3534 3227 3707 3298 θηρία

2125 3328 2350 3397 περὶτὰ
2393 3326 2613 3393 ἔκγονα,
2651 3324 2804 3394 πόσῳ
2837 3324 3043 3393 μᾶλλον
3111 3324 3214 3394 χρὴ
3281 3322 3410 3384 τοὺς
3451 3322 3591 3390 λόγῳ
3624 3338 3711 3373 τι·

2127 3420 2399 3491 μηϐέντας
2426 3418 2536 3471 ’τῶν
2568 3419 2778 3471 τέκνων
2820 3417 3210 3487 ἐπιμελεῖσθαι
3246 3416 3342 3469 καὶ
3391 3414 3710 3485 φροντίζειν

2123 3514 2339 3578 αύτῶν;
2376 3512 2467 3565 Διὸ
2506 3513 2602 3565 καὶ
2630 3514 2657 3563 ό
2688 3511 2863 3580 μέγας
2900 3510 3113 3573 Παῦλος
3165 3509 3293 3578 περὶ
3340 3508 3524 3578 χηρῶν
3587 3506 3714 3560 διαι

2122 3604 2451 3674 ταττόμενός
2483 3619 2646 3674 φησιν
2674 3619 2687 3633 ⁸
2731 3603 2799 3655 Εἰ
2828 3601 2894 3654 δέ
2919 3619 3010 3666 τις
3041 3601 3198 3670 χήρα
3221 3601 3400 3653 τέκνα
3430 3600 3468 3666 ἢ
3484 3599 3712 3666 ἔκγονα

2121 3695 2265 3764 ἔχει,
2288 3697 2763 3763 μανθανέτωσαν
2791 3692 3028 3760 πρῶτον
3058 3695 3167 3747 τὸν
3189 3690 3345 3745 ἴδιον
3402 3687 3574 3745 οἷκον
3600 3693 3708 3744 εὑ-

2123 3788 2346 3843 σεϐεἷν.
2375 3788 2556 3841 Τοῦτο
2582 3787 2693 3856 γάρ
2731 3786 2903 3840 ἐστιν
2931 3785 3271 3839 ἀποδεκτόν
3293 3784 3433 3849 Θεῷ.
3460 3785 3569 3836 Καὶ
3584 3785 3708 3851 μετ’

2121 3879 2319 3949 ὀλίγα·
2372 3882 2443 3933 Ei
2467 3879 2534 3933 δέ
2564 3896 2655 3947 τις
2721 3877 2841 3933 τῶν
2893 3880 3064 3933 ἰδίων
3132 3878 3233 3931 καὶ
3283 3875 3556 3946 μάλιστα
3583 3873 3708 3929 τῶν

2123 3973 2357 4025 οικείων
2381 3973 2454 4025 οὐ
2477 3970 2836 4040 προνοεῖται,
2866 3970 2984 4038 τὴν
3001 3971 3212 4023 πίστιν
3252 3969 3531 4037 ἤρνηται,
3598 3968 3707 4020 καί

2122 4065 2293 4118 ἐστιν
2320 4066 2581 4119 ἀπίστου
2611 4066 2846 4133 κε’ρων.
2892 4060 3023 4116 Εἶτα
3056 4063 3175 4125 οἵας
3206 4062 3310 4132 χρὴ
3366 4063 3465 4123 τὰς
3518 4064 3703 4131 χήρας

2122 4159 2191 4225 τῇ
2231 4156 2531 4226 Ἐκκλησία
2588 4155 2984 4224 καταλέγεσθαι
3023 4155 3315 4218 διδάσκων,
3378 4152 3515 4224 πρὸς
3588 4156 3704 4213 τοῖς

2125 4249 2311 4310 ἀλλοις
2334 4250 2450 4312 καὶ,
2486 4250 2548 4301 Ei
2598 4249 3101 4319 ἐτεκνοτρόφησαν,
3137 4244 3290 4315 φησί.
3330 4243 3701 4313 Καὶάλλαχοῦ

2125 4338 2287 4390 πάλιν
2322 4341 2450 4408 περὶ
2482 4339 2859 4408 πρεσϐυτίδων
2910 4336 3354 4404 διαταττόμενος,
3417 4334 3708 4387 καλοδιδα-

456 4448 513 4491 nt
568 4435 915 4507 prudentiam
970 4432 1204 4485 doceant
1260 4427 1716 4491 adolescentttlas,
1773 4434 1833 4480 ut
1878 4426 2024 4479 viros

2132 4425 2363 4484 σκάλους
2403 4426 2575 4487 αὐτας
2615 4424 2758 4477 εἶναι
2810 4425 2978 4489 ϐέλει,
3023 4424 3109 4476 ἴνα
3163 4422 3542 4493 σωφρονίζωσι
3604 4424 3705 4485 τὰς

449 4544 580 4585 suos
628 4534 833 4590 ament,
885 4536 951 4578 ac
1000 4522 1144 4576 ﬁlios
1193 4521 1440 4589 diligant.
1496 4517 1563 4570 Et
1592 4518 1762 4571 alibi:
1802 4516 2021 4581 Patres,

445 4623 681 4677 enutrite
725 4618 869 4689 ﬁlios
927 4617 983 4669 in
1030 4612 1311 4681 disciplina
1353 4626 1416 4664 ac
1448 4609 1747 4663 eruditione
1785 4608 2022 4662 Domini.

450 4712 654 4769 Verum
705 4709 1047 4765 Eustathiani
1107 4705 1239 4758 nihil
1289 4704 1485 4757 horum
1538 4702 1846 4765 audientes,
1894 4702 2022 4770 qui-

452 4808 558 4862 bus
595 4805 745 4858 liberi
783 4808 990 4864 essent,
1038 4798 1107 4851 ab
1152 4798 1242 4859 iis,
1292 4803 1349 4847 ut
1398 4811 1457 4849 se
1488 4795 1554 4848 ad
1589 4794 1829 4849 studium
1871 4809 2028 4849 excr-

452 4896 639 4951 cendze
681 4892 900 4947 virtutis
940 4889 1275 4950 conferrent,
1324 4887 1499 4941 deseri
1560 4886 1833 4940 volebant.
1878 4886 2025 4951 Qua-

453 4997 674 5057 propter
706 4981 948 5053 synodus
979 4993 1243 5033 canonem
1274 4980 1417 5031 hunc
1443 4977 1646 5038 edidit,
1678 4994 1909 5046 euntque
1935 4976 2028 5045 qui

455 5082 594 5134 tilios
625 5077 945 5138 deseruerit,
982 5086 1081 5126 ncc
1116 5073 1196 5125 eis
1231 5072 1524 5127 educandis
1548 5085 1712 5139 atque
1744 5072 1796 5123 in
1831 5079 2027 5139 pietate

448 5170 766 5228 erudiendis
798 5179 1019 5235 operam
1087 5163 1435 5234 impenderit,
1471 5163 1836 5218 anathctnatis
1864 5174 2025 5230 pmna

454 5265 628 5320 teneri
662 5262 925 5318 decernit.

2126 4518 2253 4578 νέας
2284 4516 2608 4587 φιλάνδρους
2637 4512 2799 4580 εἶναι,
2853 4516 3223 4585 φιλοτέκνους.
3280 4516 3395 4567 Kal
3427 4514 3651 4583 ἐνάλλῳ
3688 4531 3703 4545 ·

2132 4609 2194 4659 Οἱ
2219 4608 2494 4674 πατέρες,
2530 4607 2849 4677 ἐκτρέφετε
2880 4607 2953 4659 τὰ
2975 4606 3158 4662 τέκνα
3201 4609 3271 4660 ἐν
3301 4606 3538 4674 παιδείᾳ
3602 4607 3710 4659 καὶ

2127 4703 2420 4767 νουθεσίᾳ
2446 4703 2691 4769 Κυρίου.
2741 4700 2907 4755 Ἀλλὰ
2951 4702 3160 4752 τούτων
3212 4700 3422 4761 οὐδενὸς
3476 4702 3526 4751 οἱ
3573 4701 3710 4769 περὶ

2128 4792 2428 4846 Εὑστάθιον
2459 4794 2938 4861 ἐπιστρεφόμενοι,
2964 4792 3330 4861 ὲνομοθέτουι
3379 4792 3475 4844 τοὺ
3493 4835 3505 4851 ,
3550 4795 3710 4859 ἕχον-

2128 4902 2227 4947 τας
2267 4885 2485 4949 παῖδας,
2520 4885 2957 4954 καταλιμπάνειν
3028 4885 3251 4946 αὐτοὺς,
3324 4888 3418 4936 καί
3480 4885 3709 4935 ἀπιέναι

2128 4979 2264 5047 πρὸς
2294 4978 2549 5045 ἄσκησιν.
2584 4977 2675 5028 Διὸ
2715 4980 2806 5029 καὶ
2836 4979 2868 5045 ἡ
2903 4976 3124 5037 σύνοδος
3151 4978 3240 5028 τὸν
3283 4976 3485 5027 κανόνα
3510 4974 3709 5028 τοῦτον

2125 5068 2489 5138 ἐξεφώνησεν,
2526 5069 2830 5136 ἀναοέματι
2865 5067 3279 5120 καταδικάσασα
3333 5068 3459 5126 τοὺς
3524 5083 3709 5117 κατα.-

2124 5160 2582 5231 λιμπάνονταςτὰ
2619 5162 2798 5212 οἰκεῖα
2845 5159 3032 5221 τέκνα,
3089 5161 3185 5211 καὶ
3264 5159 3339 5227 μὴ
3412 5174 3713 5227 τεκνοτρο-

2124 5252 2379 5321 φοῦντας,
2423 5254 2515 5303 καὶ
2546 5252 2895 5313 διδάσκοντας
2927 5251 3066 5303 αὐτὰ
3094 5250 3422 5303 θεοσέϐειαν.

452 5353 680 5413 ARIST.
721 5370 739 5403 ι
779 5350 906 5404 ltem
942 5348 1033 5420 qui
1074 5347 1275 5403 liberos
1307 5346 1641 5415 relinquunt,
1696 5357 1901 5412 eosque
1952 5340 2021 5396 ad

2124 5343 2341 5398 ΑΡΙΣΤ.
2376 5362 2393 5395 ι
2434 5345 2544 5397 Καὶ
2580 5346 2629 5397 οἱ
2680 5346 2748 5398 τὰ
2795 5345 2963 5397 τέκνα
3029 5340 3559 5411 καταλιμπάνοντες,
3605 5338 3706 5389 καὶ

651 5463 670 5497 ι
704 5445 952 5514 pietatem
989 5456 1095 5494 non
1128 5441 1431 5499 instruunt,
1466 5435 1776 5491 anathema.
1806 5451 1824 5483 ι

1037 5527 1262 5585 CANON
1303 5526 1443 5582 XVI.

452 5648 471 5681 ι
506 5630 561 5685 Si
597 5630 687 5699 qni
739 5629 831 5683 lilii
865 5644 892 5681 a
922 5624 1263 5698 parentibus,
1299 5620 1533 5673 maxime
1567 5616 1834 5683 fidelibus,
1874 5635 2005 5689 pne.

517 5744 581 5797 ⁷1
613 5742 752 5799 Tttn.
789 5761 839 5811 v,
866 5743 917 5796 4.
995 5741 1013 5770 ⁸³
1042 5737 1174 5793 ibid.
1212 5736 1264 5790 8.
1343 5734 1363 5764 ’
1394 5731 1598 5803 Epltes,
1641 5748 1714 5800 vt,
1749 5732 1801 5786 4.

2160 5453 2179 5486 ι
2214 5435 2336 5504 οὐχὶ
2366 5435 2503 5505 πρὸς
2537 5436 2845 5488 (εοσέϐκαν
2877 5435 3289 5503 ὑπαλείφολτες,
3317 5432 3593 5501 ἀνάθεμα.
3634 5452 3653 5485 ι

2723 5529 2959 5581 ΚΑΝΩΝ
2995 5529 3110 5595 ις’.

2128 5636 2146 5669 ι
2183 5619 2248 5673 El
2269 5635 2392 5674 τινα
2423 5620 2590 5675 τέκνα
2622 5622 2847 5689 γονέων,
2880 5622 3118 5691 μάλιστα
3180 5622 3404 5691 πιστῶν,
3466 5623 3697 5694 ἀναχω-
