4076 6494
454 372 589 439 1263

1704 379 1987 441 THEOD.
2024 379 2429 443 BALSAMON

3568 379 3707 441 1264

452 484 609 552 dixit,
643 485 901 557 quoniam
957 487 1006 544 is
1056 488 1229 560 ipsius
1283 495 1476 545 auctor
1508 499 1564 545 et
1615 505 1780 547 causa
1826 502 1931 559 est,
1968 504 2019 548 ut

2128 510 2250 558 πεν,
2277 491 2360 545 ὖτι
2390 490 2560 553 αἴτιος
2584 490 2756 561 αὑτῆς
2783 491 2953 556 ἐστιν,
2982 488 3057 553 ὡς
3090 490 3147 557 ἐξ
3173 488 3340 543 αὑτοῦ
3381 486 3706 557 γενομένης.

451 593 573 648 quae
612 596 680 635 ex
708 595 777 635 eo
814 580 963 636 facta
993 582 1086 637 sit.
1121 581 1199 637 Ex
1245 583 1418 638 Adam
1451 584 1595 639 enim
1630 583 1762 639 Eva.
1801 584 1869 639 Et
1904 594 2027 655 post

452 672 712 728 uOnnulla
750 672 851 728 :Si
897 674 1037 727 enim
1086 691 1191 730 non
1237 676 1438 729 veletur
1478 675 1686 743 mulier,
1723 678 2024 734 tondeatur.

456 761 518 818 Si
548 772 725 817 autem
774 773 926 833 turpe
959 775 1037 819 est
1079 764 1296 820 mulieri
1345 767 1551 821 tonderi
1580 767 1662 823 vel
1707 769 1846 842 radi,
1898 771 2029 825 eele~

458 866 545 909 tur
580 856 645 913 “.
686 855 752 909 Et
785 858 946 927 paulo
999 866 1125 929 post
1177 876 1192 914 :
1242 858 1439 914 Mulier
1483 861 1528 914 si
1559 878 1765 916 comam
1800 865 2026 929 nutriat,

450 948 623 1019 gloria
671 957 748 1003 est
788 950 913 1019 ipsi,
961 951 1088 1022 quia
1141 966 1289 1006 coma
1335 968 1431 1021 pro
1485 955 1718 1009 amiculo
1769 955 1851 1009 illi
1898 958 2027 1011 data

450 1049 531 1095 est
563 1040 628 1096 η.
679 1041 747 1097 Et
781 1042 897 1098 haec
932 1044 1154 1114 quidem
1188 1060 1417 1116 magnus
1446 1045 1671 1103 Paulus.
1704 1047 2027 1104 Eustathius

452 1143 639 1188 autem
684 1134 944 1191 mulieres
986 1135 1202 1192 tonderi
1234 1137 1442 1205 docuit,
1484 1139 1710 1208 perinde
1739 1155 1803 1194 ac
1835 1141 1881 1195 si
1910 1141 2027 1210 ipsa

452 1234 687 1282 tonsura
721 1228 787 1281 ad
828 1230 1083 1298 pietatem
1120 1229 1404 1297 conferat,
1435 1242 1487 1286 et
1521 1245 1591 1286 ne
1621 1232 1884 1288 adversus
1908 1234 2030 1302 qui-

454 1316 579 1371 dem
631 1329 888 1372 naturam
944 1320 1118 1391 legem
1175 1320 1321 1378 ferre
1372 1337 1495 1378 eum
1550 1325 1765 1394 puduit.
1819 1325 2026 1380 Natura

455 1410 603 1464 enim
639 1426 856 1466 comam
908 1413 1232 1470 mulieribus
1265 1416 1401 1471 adeo
1449 1430 1572 1473 esse
1619 1418 2026 1475 convenientem

452 1503 628 1569 novit,
685 1513 744 1558 ut
791 1518 892 1559 nec
944 1505 1026 1562 eis
1081 1522 1320 1579 unquam
1377 1509 1658 1564 calvitium
1707 1511 2028 1567 naturaliter

454 1591 610 1649 insit.
642 1593 702 1648 Si
735 1607 868 1664 ergo
902 1596 1195 1652 tondeatur
1230 1599 1453 1665 mulier,
1488 1608 1548 1655 ut
1582 1616 1705 1670 quae
1734 1616 1793 1656 se
1821 1602 2025 1672 aliquid

454 1682 639 1739 facere
672 1684 968 1753 existimet,
1012 1690 1157 1758 quod
1195 1688 1304 1745 Deo
1339 1703 1620 1762 acceptum
1653 1693 1726 1749 sit
1755 1702 1809 1749 et
1841 1694 2027 1765 subje-

451 1777 651 1834 ctienis
728 1779 1165 1837 recordationem
1238 1784 1393 1839 tollat
1450 1784 1544 1856 (et
1596 1786 1701 1842 hoc
1754 1787 1918 1843 etiam
1958 1802 2025 1842 ex

2142 586 2237 638 Ἐκ
2268 584 2361 638 τοῦ
2431 585 2603 655 Ἀδὰμ
2634 584 2743 655 γὰρ
2779 585 2812 655 ἡ
2854 582 2986 639 liba.
3016 584 3127 637 Kal
3156 583 3296 653 μετά
3310 598 3434 636 τινα
3460 599 3472 612 ·
3492 583 3561 635 El
3596 581 3710 652 γὰρ

2127 681 2201 734 οὐ
2256 678 2779 732 κατακαλύπτεται
2816 675 2995 746 γυνὴ,
3034 675 3134 728 καὶ
3187 675 3495 741 κειρέσθω.
3527 675 3599 728 Et
3638 671 3711 726 δὲ

2128 770 2387 840 αῐσχρὸν
2447 767 2688 839 γυναιξί
2754 769 2823 821 τό
2876 769 3183 835 κείρεσθαι
3277 766 3316 834 ἢ
3386 765 3710 834 ξυρᾶσθαι,

2128 859 2699 914 κατακαλυπτέσθω.
2765 861 2875 912 Kal
2921 859 3042 927 μεθ’
3083 858 3250 927 ἕτερα
3282 875 3296 889 ·
3332 857 3531 925 Γυνὴ,
3597 858 3714 913 ἐὰν

2128 951 2305 1021 κομᾷ,
2345 952 2496 1017 δόξα
2526 949 2680 1021 αὐτῇ
2711 951 2907 1017 ἐστιν,
2942 948 3032 1004 ὅτι
3060 949 3099 1018 ἠ
3138 950 3290 1018 κόμη
3316 948 3449 1003 ἀντὶ
3479 951 3716 1017 περιϐο-

2132 1046 2315 1099 λαίου
2347 1044 2587 1099 δέδοται
2607 1042 2786 1112 αὐτῇ.
2806 1043 2918 1096 Kal
2963 1041 3142 1097 ταῦτα
3173 1041 3272 1112 μὲν
3300 1041 3329 1092 ὁ
3355 1041 3529 1111 μέγας
3560 1041 3718 1095 Παῦ-

2128 1138 2220 1201 λος
2263 1153 2278 1169 ·
2312 1139 2341 1191 ὁ
2370 1136 2427 1190 δὲ
2455 1136 2759 1199 Εὑστάθιος
2787 1134 3074 1205 κείρεσθαι
3112 1133 3213 1197 τὰς
3258 1134 3530 1201 γυναῖκας
3598 1132 3718 1185 ἐδί-

2128 1229 2348 1295 δασκεν,
2375 1228 2451 1291 ὡς
2502 1229 2643 1299 τάχα
2704 1228 2844 1298 πρὸς
2889 1225 3203 1280 θεοσέϐειαν
3258 1223 3716 1295 συμϐαλλομένου

2128 1320 2223 1375 τοῦ
2273 1320 2581 1392 κείρεσθαι,
2627 1320 2723 1373 καὶ
2744 1320 2866 1372 οὐδὲ
2916 1321 2983 1390 τῇ
3053 1318 3218 1388 φύσει
3268 1316 3718 1385 ἀντινομοθετῶν

2128 1413 2332 1485 ᾐδεῖτο.
2358 1411 2629 1466 Τοσοῦτον
2656 1412 2766 1481 γὰρ
2813 1413 3017 1464 οἰκεῖον
3071 1405 3213 1463 οἶδεν
3251 1410 3286 1480 ἡ
3367 1408 3529 1476 φύσις
3587 1412 3717 1470 ταῖς

2128 1507 2348 1576 γυναιξὶ
2379 1508 2484 1577 τὴν
2531 1506 2731 1576 κόμην,
2792 1505 2867 1569 ὡς
2923 1503 3044 1557 οὑδὲ
3091 1503 3439 1574 φαλάκρωμα
3481 1500 3716 1567 ταύταις

2134 1599 2418 1669 ἐγγίνεται
2452 1599 2565 1670 (55)
2599 1597 2867 1667 φυσικῶς.
2904 1597 2969 1649 Εἰ
3002 1594 3137 1665 γοῦν
3168 1595 3415 1666 κείροιτο
3444 1594 3606 1665 γυνὴ,
3630 1593 3716 1657 ὡς

2128 1693 2272 1763 τάχα
2298 1690 2603 1745 τιδοκοῦσα
2633 1690 2813 1742 ποιεῖν
2846 1688 2984 1758 πρὸς
3003 1685 3142 1739 Θεοῦ
3173 1685 3569 1757 εὐαρέστησιν,
3613 1683 3716 1739 καὶ

2130 1784 2410 1855 περιαιρεῖ
2438 1780 2537 1850 τὴν
2564 1779 2876 1849 ὑπόμνησιν
2930 1778 3028 1848 τῆς
3058 1777 3346 1848 ὑποταγῆς
3378 1776 3500 1849 (καὶ
3548 1775 3715 1829 τοῦτο

449 1867 692 1938 Epistula
767 1871 838 1926 ad
909 1872 1223 1931 Corinthios
1268 1886 1544 1947 sumptura
1600 1887 1683 1935 est
1736 1894 1767 1934 a
1831 1878 2019 1950 synodi

2129 1879 2185 1932 δὲ
2214 1880 2278 1932 ὲκ
2313 1878 2415 1946 τῆς
2455 1877 2594 1947 πρὸς
2623 1875 2943 1946 Κορινθξους
2987 1874 3243 1943 εἴληπται
3276 1872 3392 1934 τοῖς
3424 1872 3521 1941 τῆς
3554 1872 3716 1924 συνό-

447 1957 724 2015 Patribus.
758 1960 898 2017 Dicit
924 1965 1069 2019 enim
1102 1966 1215 2022 illic
1246 1966 1543 2038 Apostolus
1578 1984 1592 2021 :
1630 1968 1799 2025 Debet
1831 1971 2026 2026 mulier

455 2048 663 2102 habere
710 2058 1034 2120 potestatem
1091 2055 1146 2109 in
1204 2058 1403 2125 capite,
1456 2059 1665 2115 scilicet
1715 2062 2021 2130 symbolum

448 2138 836 2209 subjectionis,
867 2143 921 2198 id
948 2156 1050 2213 est,
1082 2156 1282 2203 lectum
1323 2150 1521 2206 habere
1549 2151 1762 2226 caput),
1806 2155 2025 2210 anathe-

455 2243 545 2283 ma
584 2230 658 2285 sit
686 2232 784 2299 illi,
820 2246 876 2288 ut
916 2252 1039 2306 quae
1069 2240 1242 2295 solvat
1279 2248 1333 2295 et
1362 2245 1796 2314 transgrediatur
1835 2246 2023 2318 subje-

450 2320 652 2377 ctionis
704 2335 1056 2396 prmeeptum.
1109 2327 1206 2386 llis
1254 2331 1328 2386 ita
1366 2347 1428 2388 se
1457 2334 1808 2401 habentibus,
1841 2353 1909 2393 ne
1940 2338 2025 2392 di-

453 2414 601 2467 xeris
642 2428 707 2468 ex
752 2420 1007 2485 praesenti
1055 2434 1264 2477 canone
1313 2425 1587 2494 prohiberi
1631 2429 1939 2492 mulierem,
1973 2430 2020 2484 si

448 2512 732 2561 tonsuram
768 2513 1127 2566 monasticam
1157 2514 1399 2585 elegerit.
1429 2515 1504 2569 Ea
1532 2518 1705 2586 enim,
1737 2519 1820 2572 vel
1850 2520 2021 2576 invito

448 2598 671 2663 marito,
704 2600 751 2655 si
813 2604 977 2657 vitam
1008 2606 1113 2660 tori
1159 2617 1437 2678 expertem
1484 2611 1732 2677 elceerit,
1761 2613 2021 2669 exaudie-

448 2696 559 2753 tur,
591 2700 645 2743 et
680 2692 1011 2749 tondebitur.

518 2866 774 2922 ZONAB.
820 2870 1048 2941 Magrnus
1079 2874 1283 2933 Paulus
1326 2879 1391 2933 ad
1421 2878 1737 2940 Corinthios
1773 2887 2020 2944 scribens

446 2959 602 3029 dicit,
646 2962 876 3019 Maritus
904 2977 983 3021 est
1011 2969 1248 3025 mulieris
1284 2982 1464 3043 caput.
1502 2973 1618 3030 lloc
1646 2986 1826 3033 autem
1859 2982 2018 3047 dixit,

444 3057 704 3124 quoniam
756 3059 802 3114 is
848 3061 1021 3129 ipsius
1068 3075 1259 3119 auctor
1288 3075 1343 3122 et
1384 3083 1551 3125 causa
1580 3080 1684 3140 est,
1714 3081 1772 3127 ut
1802 3090 1923 3145 qua:
1953 3092 2018 3131 ex

442 3162 510 3201 eo
535 3146 681 3205 facta
710 3152 803 3207 sit.
829 3151 906 3207 Ex
936 3154 1107 3209 Adam
1137 3159 1280 3212 enim
1308 3158 1440 3216 Eva.
1472 3163 1538 3217 Et
1560 3174 1685 3233 post
1717 3169 2016 3225 nonnulla:

442 3240 504 3295 Si
550 3244 693 3296 enim
750 3260 854 3297 non
890 3245 1089 3300 veletur
1116 3250 1328 3315 mulier,
1383 3254 1682 3313 tondeatur.
1728 3258 1786 3315 Si
1840 3273 2017 3317 autent

442 3339 595 3398 turpe
629 3340 708 3385 est
739 3332 948 3387 mulieri
985 3336 1190 3390 tonderi
1225 3340 1305 3391 vel
1334 3340 1476 3406 radi,
1509 3342 1724 3399 veletur.
1761 3347 1824 3399 lit
1856 3351 2019 3417 paulo

444 3431 570 3491 post
604 3438 619 3474 :
653 3421 855 3499 Mulier
908 3426 954 3478 si
1005 3441 1212 3481 comam
1263 3432 1488 3496 nutriat,
1546 3432 1718 3502 gloria
1771 3445 1849 3489 est
1892 3438 2016 3507 ipsi.

439 3513 508 3567 Et
541 3514 658 3570 haec
707 3516 925 3585 quidem
977 3533 1207 3589 magnus
1235 3520 1459 3579 Paulus.
1537 3524 1865 3586 Eustathius
1918 3546 2019 3585 au-

439 3613 550 3660 tem
634 3599 894 3664 mulieres
958 3610 1178 3665 tonderi
1246 3612 1455 3679 docuit,
1552 3617 1781 3688 perinde
1850 3636 1914 3678 ac
1969 3622 2017 3679 si

439 3694 559 3765 ipsa
620 3703 850 3753 tonsura
884 3698 950 3753 ad
997 3701 1253 3771 pietatem
1296 3705 1579 3776 conferat;
1610 3717 1667 3764 et
1716 3726 1788 3767 ne
1821 3712 2017 3769 adver-

444 3798 543 3839 sus
596 3787 819 3856 quidem
874 3801 1127 3845 naturam
1187 3793 1357 3865 legem
1418 3796 1562 3853 ferre
1613 3814 1738 3856 eum
1796 3804 2014 3875 puduit.

438 3874 645 3932 Natura
678 3879 824 3934 enim
871 3896 1084 3937 cumam
1134 3887 1460 3946 mulieribus
1490 3892 1624 3947 adeo
1665 3874 2016 3955 esseiconve-

438 3972 680 4028 nientem
711 3975 884 4041 novit,
920 3985 977 4030 ut
999 3990 1100 4031 nec
1116 3977 1196 4034 eis
1225 3983 1768 4053 unquam_calvitium
1792 3999 2017 4045 natura-

439 4064 562 4118 liter
588 4065 742 4121 insit.
777 4064 835 4121 Si
863 4082 993 4139 ergo
1023 4070 1318 4135 tondeatur
1345 4075 1564 4140 mulier,
1598 4087 1656 4133 ut
1680 4095 1803 4150 quae
1829 4097 1888 4137 se
1916 4084 2018 4140 ali-

438 4156 572 4227 quid
623 4156 805 4214 l‘acere
835 4160 1133 4228 existimet,
1165 4163 1311 4234 quod
1342 4164 1452 4222 Deo
1481 4180 1768 4241 acceptum
1817 4174 1910 4241 sit,
1961 4183 2017 4231 et

436 4247 800 4318 subiectionis
834 4251 1273 4309 recordationem
1307 4255 1462 4311 tollat
1492 4259 1582 4328 (et
1611 4260 1716 4317 hoc
1742 4264 1910 4318 etiam
1942 4279 2013 4320 ex

436 4341 683 4413 Epistula
733 4346 801 4399 ad
830 4344 1151 4404 Corinthios
1191 4363 1470 4422 sumptura
1501 4363 1585 4410 est
1619 4371 1651 4409 a
1678 4359 1875 4428 synodi
1910 4358 2015 4415 Pa-

437 4434 640 4495 tribus.
688 4436 831 4494 Dicit
875 4439 1021 4495 enim
1073 4441 1187 4497 illic
1236 4443 1556 4514 Apostolus,
1600 4447 1771 4504 Debet
1817 4451 2015 4505 mulier

439 4528 645 4584 habere
693 4539 1021 4599 potestatem
1070 4537 1127 4589 in
1176 4539 1380 4606 capite,
1432 4530 1643 4596 scilicet
1693 4545 2004 4613 symbolum

2129 1970 2220 2025 δου
2242 1969 2512 2040 Πατράσι.
2540 1967 2702 2036 Λέγει
2720 1966 2827 2036 γὰρ
2852 1968 3013 2019 ὲκείό
3030 1963 3353 2026 Ἀπόστολος
3391 1964 3474 2016 ὅτι
3497 1963 3715 2032 ὀφείλει

2130 2064 2163 2130 ὴ
2196 2060 2334 2130 γυνὴ
2362 2059 2618 2126 ἐξουσίαν
2648 2057 2796 2129 ἔχειν
2839 2057 2933 2110 ἐπὶ
2980 2056 3082 2126 τῆς
3145 2054 3417 2125 κεφαλῆς,
3473 2056 3596 2126 ἢτοι
3652 2056 3716 2109 τὺ

2131 2152 2401 2222 σύμϐολον
2422 2151 2518 2221 τῆς
2553 2149 2855 2218 ὑποταγῆς,
2885 2148 3135 2201 τουτέστι
3175 2146 3236 2200 τὸ
3280 2145 3717 2216 κατακεκαλυμ-

2132 2246 2301 2316 μένην
2323 2245 2471 2314 ἔχειν
2500 2242 2600 2313 τὴν
2636 2240 2927 2311 κεφαλὴν),
2956 2238 3204 2308 ἀνάθεμα
3253 2237 3395 2291 ἔστω
3430 2239 3593 2308 αὑτῇ,
3634 2238 3715 2303 ὡς

2127 2333 2328 2404 λυούσῃ
2357 2332 2453 2387 καὶ
2510 2330 2927 2401 παραϐαινούσῃ
2952 2329 3011 2380 τὸ
3034 2328 3371 2399 πρόσταγμα
3415 2328 3516 2397 τῆς
3570 2327 3716 2379 ὑπο-

2126 2432 2325 2498 ταγῆς.
2358 2424 2578 2480 Τούτων
2609 2423 2783 2484 οὑτως
2823 2422 3077 2492 ἐχόντων,
3116 2420 3192 2489 μὴ
3247 2418 3408 2489 εἴπῃς
3488 2418 3553 2471 ὲκ
3610 2420 3715 2472 τοῦ

2128 2516 2396 2587 παρόντος
2423 2513 2649 2575 κανόνος
2687 2511 2996 2566 κωλύεσθαι
3024 2511 3128 2580 τὴν
3161 2512 3416 2578 γυναῖκα,
3442 2508 3539 2561 ἐὰν
3586 2509 3716 2561 ἐπι-

2126 2608 2358 2678 λέγηται
2435 2605 2731 2677 μοναδικὴν
2794 2604 3122 2673 ἀπόκαρσιν.
3204 2599 3361 2671 Αὕτη
3424 2600 3558 2670 γὰρ,
3614 2603 3715 2652 καὶ⁵

2125 2703 2352 2763 ἄκοντος
2382 2696 2476 2751 τοῦ
2508 2697 2719 2767 ἀνδρὶς,
2745 2695 2836 2749 τὸν
2882 2694 3060 2763 ἄζυγα
3116 2694 3231 2763 βίον
3278 2693 3708 2766 αἱρετισαμένη,

2125 2788 2634 2859 εἰσακουσθήσεται,
2668 2788 2762 2839 καὶ
2785 2786 3228 2857 ἀποκαρήσεται.

2194 2878 2441 2933 ΖΩΝΑΡ.
2486 2877 2548 2930 'U
2577 2878 2749 2949 μέγας
2794 2876 3005 2941 Παῦλος
3070 2875 3384 2946 Κορινθίοις
3455 2876 3714 2931 ἐπιστέλ-

2125 2969 2254 3037 λων,
2292 2968 2564 3039 Κεφαλὴ,
2607 2970 2764 3039 φησὶ,
2802 2967 3089 3038 γυναικὸς
3134 2971 3166 3022 o'
3219 2968 3402 3037 ἀνήρ.
3449 2970 3623 3023 Τοῦτο
3647 2968 3711 3022 δὲ

2127 3061 2301 3131 εἶπεν,
2324 3064 2406 3117 ὅτι
2445 3062 2616 3126 αἴτιος
2648 3061 2819 3133 αὐτῆς
2855 3063 3025 3125 ἐστιν,
3061 3061 3137 3124 ὡς
3176 3061 3234 3128 ἐξ
3301 3060 3469 3115 αὑτοῦ
3551 3078 3711 3131 γενο-

2131 3160 2320 3228 μένης.
2355 3157 2465 3211 Kal
2494 3155 2602 3226 γὰρ
2632 3157 2665 3224 ἡ
2703 3153 2820 3208 Elia
2854 3156 2918 3207 ὲκ
2951 3153 3045 3206 τοῦ
3115 3154 3305 3223 ’Λδάμ.
3367 3155 3480 3208 Kal
3561 3156 3707 3224 μετά

2124 3270 2245 3305 ria
2271 3268 2285 3283 ο
2316 3253 2385 3305 El
2423 3252 2531 3319 γὰρ
2592 3251 2663 3303 οὐ
2718 3248 3170 3302 κατακαλύπται
3210 3245 3387 3316 γυνὴ,
3434 3245 3532 3300 καί
3578 3263 3709 3300 κει-

2114 3344 2346 3412 ράσθω).
2393 3345 2461 3397 El
2492 3340 2561 3394 δὲ
2603 3340 2864 3408 αἰσχρὸν
2913 3338 3150 3408 γυναικί
3181 3338 3249 3391 τὸ
3297 3339 3601 3406 κείρεσθαι
3658 3336 3704 3407 ἢ

2122 3434 2439 3504 ξυρᾶσθαι,
2486 3430 3064 3488 κατακαλυπτέσθω.
3122 3429 3240 3482 Kal
3314 3429 3433 3501 μεθ’
3478 3429 3645 3500 ἕτερα
3686 3445 3704 3460 ο

2119 3528 2316 3594 Γυνὴ,
2338 3527 2447 3580 ἐὰν
2476 3523 2655 3595 κομᾷ,
2688 3524 2839 3588 δόξα
2873 3521 3049 3591 αὐτῇ.
3099 3522 3286 3575 Ταῦτα
3335 3522 3433 3593 μὲν
3466 3524 3494 3575 ό
3527 3523 3709 3592 μέγας

2120 3621 2334 3683 Παῦλος
2367 3638 2382 3652 ο
2413 3619 2524 3672 ὀδὲ
2574 3615 2878 3680 Εὑστὰθιος
2932 3614 3218 3686 κείρεσθαι
3272 3613 3371 3677 τὰς
3434 3619 3710 3681 γυναῖκας

2118 3713 2423 3776 ἐδίδασκεν,
2446 3711 2522 3774 ὡς
2550 3710 2616 3782 δή
2649 3727 2704 3762 τι
2737 3709 2877 3780 πρὸς
2904 3706 3222 3762 θεοσέϐειαν
3246 3705 3708 3776 συμϐαλλομένου

2116 3802 2213 3857 τοῦ
2239 3804 2545 3872 κείρεσθαι,
2594 3803 2692 3856 καὶ
2723 3800 2846 3854 οὑδὲ
2907 3800 2974 3870 τῇ
3029 3797 3193 3867 φύσει
3255 3795 3707 3865 ἀντινομοθετῶν

2116 3900 2317 3971 ᾐδεῖτο.
2344 3896 2613 3951 Τοσοῦτον
2655 3895 2764 3967 γὰρ
2818 3895 3018 3947 οἰκεῖον
3070 3887 3210 3944 οἶδεν
3264 3891 3298 3962 ἡ
3355 3888 3518 3958 φύσις
3576 3892 3709 3953 ταῖς

2116 3992 2336 4063 γυναιξὶ
2370 3991 2467 4061 τὴν
2505 3989 2708 4060 κόμην,
2743 3990 2827 4042 ὅτι
2888 3986 3008 4040 οὑδὲ
3061 3984 3411 4054 φαλάκρωμα
3468 3983 3707 4047 ταύταις

2116 4089 2395 4156 ἐγγίνεται
2426 4083 2693 4155 φυσικῶς.
2724 4082 2789 4137 Ei
2816 4080 2946 4150 γοῦν
2980 4078 3216 4151 κείροιτο
3251 4077 3411 4148 γυνὴ,
3444 4076 3520 4139 ὡς
3552 4077 3703 4147 τάχα.

2115 4198 2168 4234 τι
2203 4177 2437 4232 δοκοῦσα
2492 4178 2671 4230 ποιεῖν
2726 4179 2864 4246 προς
2934 4173 3069 4227 Θεοῦ
3152 4172 3539 4243 εὐαρέστησιν,
3598 4172 3704 4224 καὶ

2118 4272 2407 4342 περιαιρεῖ
2440 4268 2539 4339 τὴν
2572 4268 2884 4338 ὑπόμνησιν
2913 4266 3012 4334 τῆς
3049 4265 3329 4333 ὑποταγῆς
3363 4262 3483 4334 (καὶ
3533 4261 3703 4314 τοῦτο

2114 4366 2178 4418 ὲκ
2208 4363 2464 4433 τῆςπρὸς
2493 4360 2817 4432 Κορινθίους
2869 4358 3125 4427 εἱληπται
3178 4360 3292 4419 τοῖς
3349 4356 3443 4425 τῆς
3475 4354 3702 4407 συνόδου

2115 4459 2385 4527 Πατράσι.
2421 4455 2587 4523 Λέγει
2635 4453 2795 4524 γὰρὸ
2858 4452 3202 4513 ’Λπόστολος,
3292 4449 3373 4502 ὅτι
3422 4448 3627 4517 ὀφείλει
3662 4449 3701 4520 ἡ

2112 4547 2252 4618 γυνὴ
2277 4546 2524 4612 ἐξουσίαν
2550 4544 2695 4615 ἔχειν
2725 4543 2821 4598 ἐπὶ
2853 4543 2949 4627 τῆς
2982 4542 3247 4611 κεφαλῆς,
3286 4541 3404 4611 ἦτοι
3455 4539 3515 4591 τὸ
3548 4538 3701 4608 σύμον

436 4619 821 4691 subjectionis,
871 4624 925 4679 id
962 4634 1067 4691 est,
1117 4634 1321 4683 tectum
1362 4633 1561 4686 habere
1596 4644 1786 4703 caput,
1824 4638 2007 4692 mariti

2123 4640 2271 4694 ὃολον
2311 4642 2411 4711 τῆς
2464 4638 2747 4707 ὑποταγῆς
2796 4636 2856 4689 τὸ
2912 4620 3487 4703 κατακεκαλυμμένην
3542 4630 3696 4701 ἔχειν

434 4719 764 4779 potestatein
800 4713 963 4787 425
999 4719 1339 4790 appellans),
1378 4724 1668 4780 anathema
1701 4728 1772 4780 sit
1804 4728 1906 4797 illi,
1944 4739 2005 4785 ut

435 4816 557 4871 qua:
597 4804 776 4861 solvat
833 4816 889 4861 et
956 4811 1391 4880 transgrediatur
1456 4816 1817 4887 subiectionis
1869 4838 2006 4891 prae-

434 4904 675 4965 ceptum.

433 4983 661 5042 ARIST.
724 5007 743 5040 ι
804 4990 1160 5062 Quaecunque
1206 4997 1483 5065 mulieres,
1528 5001 1781 5069 pietatem
1833 5005 2001 5059 simu-

637 5098 655 5129 ι
701 5081 895 5148 lantcs,
937 5099 1121 5141 comas
1154 5089 1409 5156 tondent,
1441 5096 1751 5149 anathema.
1778 5119 1795 5145 ι

509 5201 549 5232 ³¹
581 5200 753 5257 lCor.
784 5220 859 5268 xi,
900 5206 951 5258 6.
1034 5208 1075 5238 ¹¹
1112 5209 1246 5264 Ibid.
1281 5214 1363 5268 l5.

2115 4733 2214 4805 τὴν
2250 4732 2495 4802 κεφαλὴν
2522 4728 2772 4794 ἐξουσίαν
2797 4727 2890 4780 τοῦ
2917 4726 3110 4795 ἀνδρὸς
3144 4724 3371 4794 καλῶν),
3434 4723 3696 4793 ἀνάθεμα

2115 4828 2257 4880 ἔστω
2286 4826 2444 4897 αὐτῇ,
2475 4826 2549 4886 ὡς
2584 4821 2788 4893 λυούσῃ
2815 4820 2910 4874 καὶ
2930 4815 3350 4889 παραϐαινούσῃ
3396 4814 3457 4868 τὸ
3519 4815 3699 4883 πρόσ-

2115 4934 2219 4985 ταγ
2228 4936 2304 4986 μα
2332 4920 2429 4986 τῆς
2462 4916 2765 4984 ὑποταγῆς.

2115 5008 2337 5060 ΑΡιΣίι
2378 5025 2396 5058 ε
2440 5008 2600 5058 Ὅσαι
2640 5007 2898 5073 γυναῖκες
2927 5004 3023 5065 τὰς
3065 5000 3242 5070 κόμας
3269 4998 3533 5063 τίλλουσι,
3563 4995 3693 5053 θεο-

2355 5118 2375 5150 ι
2419 5098 3099 5169 σέϐειανὺποκρινόμεναι,
3133 5092 3405 5163 ἀνάθεμα.
3438 5111 3455 5143 ι
3550 5118 3553 5121 -

1663 5359 1851 5420 Guill.
1894 5362 2217 5440 Bevet'egii
2245 5371 2434 5423 ιιοὶιι.

428 5478 539 5551 εει.
568 5467 1093 5551 (ιιιπθηζοιιαι-αξᾞι
1153 5491 1273 5551 qua
1311 5477 1413 5551 ista
1470 5480 1643 5551 verba
1679 5481 1822 5551 attj
1857 5481 2002 5551 κόμη
2106 5484 2176 5537 rit
2206 5484 2291 5536 hic
2327 5482 2617 5537 Balsamon
2653 5500 2778 5539 eum
2825 5486 3036 5538 Zonara
3092 5486 3373 5541 calvitium
3401 5487 3455 5542 in
3487 5488 3690 5545 mulie-

428 5539 548 5625 αντὶ
577 5540 925 5625 περιβολαίου
968 5539 1186 5624 δέδοταί
1216 5548 1377 5616 αὐτῇ,
1430 5550 1647 5602 etiamsi
1686 5550 1738 5602 in
1774 5539 2003 5605 Zona-ra;

2123 5568 2190 5608 'es
2217 5555 2542 5608 naturaliter
2566 5573 2670 5609 non
2699 5555 2940 5609 incidere
2964 5572 2979 5617 ;
3006 5539 3149 5625 quod
3177 5539 3306 5611 Sane
3337 5573 3523 5611 rarum
3555 5575 3684 5616 esse

431 5608 789 5697 §eltoliis'hie
813 5612 1104 5697 impressis
1135 5631 1243 5669 non
1265 5608 1524 5697 'lfotcnt,
1570 5630 1787 5697 exstant
1820 5632 2001 5675 tamen
2103 5624 2221 5691 ipse
2250 5626 2411 5697 etiam
2460 5608 2670 5697 Plinius
2722 5608 3060 5697 οὑξεινιιῦιί,
3114 5628 3326 5689 dicens,
3381 5628 3686 5697 Deﬂuvium

430 5677 482 5728 in
523 5677 975 5757 .Amerhachiano
1034 5685 1197 5738 etiam
1265 5677 1521 5742 Zonarat'
1555 5689 1744 5745 codice
1808 5707 2005 5745 manu-

428 5758 654 5814 scriptu.

498 5816 608 5887 (55)
642 5820 793 5873 οὐδὲ
821 5823 1453 5897 φαλάκρωμα-ταύταις
1483 5828 1802 5901 ἐγγίνεται.
1841 5832 1995 5888 Asse-

2101 5709 2277 5747 eorum
2314 5694 2591 5763 (crinium)
2640 5697 2692 5748 in
2739 5694 2953 5749 muliere
2994 5713 3197 5760 rarum,
3262 5700 3319 5751 in
3360 5694 3688 5763 spadonibus

2104 5781 2203 5815 non
2226 5765 2411 5827 visunt,
2440 5782 2530 5817 nec
2559 5766 2611 5816 in
2642 5765 2749 5817 ulla
2767 5777 2888 5818 ante
2932 5767 3137 5821 l'eneris
3165 5785 3336 5822 nsunt.
3371 5770 3508 5823 l’litt.
3542 5775 3685 5825 Nat.

2106 5833 2245 5889 (list.
2279 5837 2367 5888 lib.
2399 5851 2458 5900 ll,
2500 5854 2582 5905 ea,
2607 5877 2617 5888 .
2646 5836 2733 5890 57.
