  <div class='ocr_page' id='page_1' title='image "/cluster/home/n/w/nwhite01/storage/ocr_20150623/137:no.1/coo.31924054870427/636.png"; bbox 0 0 4076 6398; ppageno 0'>
   <div class='ocr_carea' id='block_1_1' title="bbox 372 378 511 443">
    <p class='ocr_par' dir='ltr' id='par_1_1' title="bbox 372 378 511 443">
     <span class='ocr_line' id='line_1_1' title="bbox 372 378 511 443; baseline 0.014 -3"><span class='ocrx_word' id='word_1_1' title='bbox 372 378 511 443; x_wconf 69' lang='grc'><strong>125</strong></span> 
     </span>
    </p>
   </div>
   <div class='ocr_carea' id='block_1_2' title="bbox 994 492 1369 550">
    <p class='ocr_par' dir='ltr' id='par_1_2' title="bbox 994 492 1369 550">
     <span class='ocr_line' id='line_1_2' title="bbox 994 492 1369 550; baseline 0.008 -4"><span class='ocrx_word' id='word_1_2' title='bbox 994 494 1233 548; x_wconf 70' lang='grc' dir='ltr'><strong>ΚΑΝΩΝ</strong></span> <span class='ocrx_word' id='word_1_3' title='bbox 1264 492 1369 550; x_wconf 83' lang='lat' dir='ltr'>IIl&#39;.</span> 
     </span>
    </p>
   </div>
   <div class='ocr_carea' id='block_1_3' title="bbox 374 586 1950 661">
    <p class='ocr_par' dir='ltr' id='par_1_3' title="bbox 374 586 1950 661">
     <span class='ocr_line' id='line_1_3' title="bbox 374 586 1950 661; baseline 0.003 -22"><span class='ocrx_word' id='word_1_4' title='bbox 374 604 395 639; x_wconf 73' lang='grc' dir='ltr'><strong>ι</strong></span> <span class='ocrx_word' id='word_1_5' title='bbox 440 587 507 641; x_wconf 75' lang='grc' dir='ltr'><strong>Εἴ</strong></span> <span class='ocrx_word' id='word_1_6' title='bbox 530 604 615 651; x_wconf 84' lang='grc' dir='ltr'><strong>τις</strong></span> <span class='ocrx_word' id='word_1_7' title='bbox 650 586 739 641; x_wconf 80' lang='grc' dir='ltr'><strong>διὰ</strong></span> <span class='ocrx_word' id='word_1_8' title='bbox 776 588 1142 658; x_wconf 81' lang='grc' dir='ltr'><strong>νομιζομένην</strong></span> <span class='ocrx_word' id='word_1_9' title='bbox 1169 587 1406 659; x_wconf 78' lang='grc' dir='ltr'><strong>ἄσκησιν</strong></span> <span class='ocrx_word' id='word_1_10' title='bbox 1461 591 1521 643; x_wconf 82' lang='grc' dir='ltr'><strong>ὲν</strong></span> <span class='ocrx_word' id='word_1_11' title='bbox 1574 591 1640 659; x_wconf 83' lang='grc' dir='ltr'><strong>τῇ</strong></span> <span class='ocrx_word' id='word_1_12' title='bbox 1694 590 1950 661; x_wconf 81' lang='grc' dir='ltr'><strong>Κυριακῇ</strong></span> 
     </span>
    </p>
   </div>
   <div class='ocr_carea' id='block_1_4' title="bbox 727 684 1604 755">
    <p class='ocr_par' dir='ltr' id='par_1_4' title="bbox 727 684 1604 755">
     <span class='ocr_line' id='line_1_4' title="bbox 727 684 1604 755; baseline 0.001 -19"><span class='ocrx_word' id='word_1_13' title='bbox 727 704 747 736; x_wconf 80' lang='lat' dir='ltr'><strong>t</strong></span> <span class='ocrx_word' id='word_1_14' title='bbox 776 684 1072 755; x_wconf 75' lang='grc' dir='ltr'><strong>νηστεύσῃ,</strong></span> <span class='ocrx_word' id='word_1_15' title='bbox 1101 684 1353 754; x_wconf 83' lang='grc' dir='ltr'><strong>ἀνάθεμα</strong></span> <span class='ocrx_word' id='word_1_16' title='bbox 1381 686 1541 740; x_wconf 77' lang='grc' dir='ltr'><strong>ἔστω.</strong></span> <span class='ocrx_word' id='word_1_17' title='bbox 1586 704 1604 737; x_wconf 75' lang='lat' dir='ltr'><strong>t</strong></span> 
     </span>
    </p>
   </div>
   <div class='ocr_carea' id='block_1_5' title="bbox 446 773 1957 847">
    <p class='ocr_par' dir='ltr' id='par_1_5' title="bbox 446 773 1957 847">
     <span class='ocr_line' id='line_1_5' title="bbox 446 773 1957 847; baseline -0.002 -17"><span class='ocrx_word' id='word_1_18' title='bbox 446 774 646 830; x_wconf 83' lang='grc' dir='ltr'><strong>ΒΑΛΣ.</strong></span> <span class='ocrx_word' id='word_1_19' title='bbox 677 775 954 844; x_wconf 78' lang='grc' dir='ltr'><strong>Πολλαχοῦ</strong></span> <span class='ocrx_word' id='word_1_20' title='bbox 989 776 1374 830; x_wconf 87' lang='grc' dir='ltr'><strong>κεκανόνισται</strong></span> <span class='ocrx_word' id='word_1_21' title='bbox 1413 776 1489 847; x_wconf 78' lang='grc' dir='ltr'><strong>μὴ</strong></span> <span class='ocrx_word' id='word_1_22' title='bbox 1548 776 1829 847; x_wconf 76' lang='grc' dir='ltr'><strong>νηστεύειν</strong></span> <span class='ocrx_word' id='word_1_23' title='bbox 1864 773 1957 828; x_wconf 73' lang='grc' dir='ltr'><strong>καὶ</strong></span> 
     </span>
    </p>
   </div>
   <div class='ocr_carea' id='block_1_6' title="bbox 377 862 1958 941">
    <p class='ocr_par' dir='ltr' id='par_1_6' title="bbox 377 862 1958 941">
     <span class='ocr_line' id='line_1_6' title="bbox 377 862 1958 941; baseline -0.001 -20"><span class='ocrx_word' id='word_1_24' title='bbox 377 866 807 939; x_wconf 77' lang='grc' dir='ltr'><strong>σκυθρωπάζειν</strong></span> <span class='ocrx_word' id='word_1_25' title='bbox 836 862 984 938; x_wconf 78' lang='grc' dir='ltr'><strong>ἡμᾶς</strong></span> <span class='ocrx_word' id='word_1_26' title='bbox 1019 868 1162 923; x_wconf 83' lang='grc' dir='ltr'><strong>κατά</strong></span> <span class='ocrx_word' id='word_1_27' title='bbox 1199 869 1300 940; x_wconf 80' lang='grc' dir='ltr'><strong>τὴν</strong></span> <span class='ocrx_word' id='word_1_28' title='bbox 1332 870 1678 940; x_wconf 88' lang='grc' dir='ltr'><strong>χαρμόσυνον</strong></span> <span class='ocrx_word' id='word_1_29' title='bbox 1743 868 1958 941; x_wconf 77' lang='grc' dir='ltr'><strong>ἡμέραν</strong></span> 
     </span>
    </p>
   </div>
   <div class='ocr_carea' id='block_1_7' title="bbox 373 960 1958 1032">
    <p class='ocr_par' dir='ltr' id='par_1_7' title="bbox 373 960 1958 1032">
     <span class='ocr_line' id='line_1_7' title="bbox 373 960 1958 1032; baseline 0.001 -19"><span class='ocrx_word' id='word_1_30' title='bbox 373 961 475 1030; x_wconf 82' lang='grc' dir='ltr'><strong>τῆς</strong></span> <span class='ocrx_word' id='word_1_31' title='bbox 502 960 794 1030; x_wconf 79' lang='grc' dir='ltr'><strong>Κυριακῆς</strong></span> <span class='ocrx_word' id='word_1_32' title='bbox 825 960 913 1014; x_wconf 83' lang='grc' dir='ltr'><strong>διὰ</strong></span> <span class='ocrx_word' id='word_1_33' title='bbox 938 963 1037 1028; x_wconf 77' lang='grc' dir='ltr'><strong>τὴν</strong></span> <span class='ocrx_word' id='word_1_34' title='bbox 1087 960 1309 1031; x_wconf 73' lang='grc' dir='ltr'><strong>ἔγερσιν</strong></span> <span class='ocrx_word' id='word_1_35' title='bbox 1354 960 1449 1014; x_wconf 82' lang='grc' dir='ltr'><strong>τοῦ</strong></span> <span class='ocrx_word' id='word_1_36' title='bbox 1512 961 1744 1032; x_wconf 78' lang='grc' dir='ltr'><strong>Κυρίου,</strong></span> <span class='ocrx_word' id='word_1_37' title='bbox 1822 960 1958 1014; x_wconf 73' lang='grc' dir='ltr'><strong>ἀλλὰ</strong></span> 
     </span>
    </p>
   </div>
   <div class='ocr_carea' id='block_1_8' title="bbox 376 1052 1960 1125">
    <p class='ocr_par' dir='ltr' id='par_1_8' title="bbox 376 1052 1960 1125">
     <span class='ocr_line' id='line_1_8' title="bbox 376 1052 1960 1125; baseline -0.002 -18"><span class='ocrx_word' id='word_1_38' title='bbox 376 1053 777 1123; x_wconf 70' lang='grc' dir='ltr'><strong>πανηγυρίζειν</strong></span> <span class='ocrx_word' id='word_1_39' title='bbox 802 1055 897 1106; x_wconf 75' lang='grc' dir='ltr'><strong>καὶ</strong></span> <span class='ocrx_word' id='word_1_40' title='bbox 934 1053 1280 1125; x_wconf 71' lang='grc' dir='ltr'><strong>εὐχαριστεῖν</strong></span> <span class='ocrx_word' id='word_1_41' title='bbox 1308 1052 1387 1123; x_wconf 86' lang='grc' dir='ltr'><strong>τῷ</strong></span> <span class='ocrx_word' id='word_1_42' title='bbox 1414 1053 1554 1122; x_wconf 84' lang='grc' dir='ltr'><strong>Θεῷ,</strong></span> <span class='ocrx_word' id='word_1_43' title='bbox 1578 1053 1654 1117; x_wconf 85' lang='grc' dir='ltr'><strong>ὡς</strong></span> <span class='ocrx_word' id='word_1_44' title='bbox 1684 1052 1960 1107; x_wconf 83' lang='grc' dir='ltr'><strong>ἀναστάν-</strong></span> 
     </span>
    </p>
   </div>
   <div class='ocr_carea' id='block_1_9' title="bbox 377 1142 1962 1214">
    <p class='ocr_par' dir='ltr' id='par_1_9' title="bbox 377 1142 1962 1214">
     <span class='ocr_line' id='line_1_9' title="bbox 377 1142 1962 1214; baseline -0.001 -17"><span class='ocrx_word' id='word_1_45' title='bbox 377 1160 478 1207; x_wconf 88' lang='grc' dir='ltr'><strong>τας</strong></span> <span class='ocrx_word' id='word_1_46' title='bbox 505 1146 570 1197; x_wconf 86' lang='grc' dir='ltr'><strong>ὲκ</strong></span> <span class='ocrx_word' id='word_1_47' title='bbox 604 1142 697 1197; x_wconf 79' lang='grc' dir='ltr'><strong>τοῦ</strong></span> <span class='ocrx_word' id='word_1_48' title='bbox 726 1143 1022 1214; x_wconf 81' lang='grc' dir='ltr'><strong>πτώματος</strong></span> <span class='ocrx_word' id='word_1_49' title='bbox 1044 1146 1139 1213; x_wconf 84' lang='grc' dir='ltr'><strong>τῆς</strong></span> <span class='ocrx_word' id='word_1_50' title='bbox 1176 1144 1473 1214; x_wconf 83' lang='grc' dir='ltr'><strong>ἁμαρτίας.</strong></span> <span class='ocrx_word' id='word_1_51' title='bbox 1526 1145 1667 1206; x_wconf 81' lang='grc' dir='ltr'><strong>Τοὺς</strong></span> <span class='ocrx_word' id='word_1_52' title='bbox 1716 1144 1848 1212; x_wconf 79' lang='grc' dir='ltr'><strong>γοῦν</strong></span> <span class='ocrx_word' id='word_1_53' title='bbox 1871 1143 1962 1196; x_wconf 73' lang='grc' dir='ltr'><strong>τὸν</strong></span> 
     </span>
    </p>
   </div>
   <div class='ocr_carea' id='block_1_10' title="bbox 379 1236 1965 1308">
    <p class='ocr_par' dir='ltr' id='par_1_10' title="bbox 379 1236 1965 1308">
     <span class='ocr_line' id='line_1_10' title="bbox 379 1236 1965 1308; baseline -0.003 -16"><span class='ocrx_word' id='word_1_54' title='bbox 379 1236 688 1292; x_wconf 79' lang='grc' dir='ltr'><strong>Εύστάθιον</strong></span> <span class='ocrx_word' id='word_1_55' title='bbox 710 1236 1068 1298; x_wconf 74' lang='grc' dir='ltr'><strong>διδάσκοντας</strong></span> <span class='ocrx_word' id='word_1_56' title='bbox 1115 1236 1403 1308; x_wconf 81' lang='grc' dir='ltr'><strong>νηστεύειν</strong></span> <span class='ocrx_word' id='word_1_57' title='bbox 1460 1238 1518 1293; x_wconf 81' lang='grc' dir='ltr'><strong>ἐν</strong></span> <span class='ocrx_word' id='word_1_58' title='bbox 1568 1238 1689 1300; x_wconf 78' lang='grc' dir='ltr'><strong>ταῖς</strong></span> <span class='ocrx_word' id='word_1_59' title='bbox 1752 1238 1965 1308; x_wconf 86' lang='grc' dir='ltr'><strong>Κυρια-</strong></span> 
     </span>
    </p>
   </div>
   <div class='ocr_carea' id='block_1_11' title="bbox 379 1326 1963 1400">
    <p class='ocr_par' dir='ltr' id='par_1_11' title="bbox 379 1326 1963 1400">
     <span class='ocr_line' id='line_1_11' title="bbox 379 1326 1963 1400; baseline -0.001 -18"><span class='ocrx_word' id='word_1_60' title='bbox 379 1329 507 1391; x_wconf 75' lang='grc' dir='ltr'><strong>κειϊς</strong></span> <span class='ocrx_word' id='word_1_61' title='bbox 534 1328 883 1399; x_wconf 78' lang='grc' dir='ltr'><strong>διά-ἄσκησιν</strong></span> <span class='ocrx_word' id='word_1_62' title='bbox 908 1329 1095 1398; x_wconf 83' lang='grc' dir='ltr'><strong>δῆθεν,</strong></span> <span class='ocrx_word' id='word_1_63' title='bbox 1138 1329 1529 1400; x_wconf 81' lang='grc' dir='ltr'><strong>ἀναθεματίζει</strong></span> <span class='ocrx_word' id='word_1_64' title='bbox 1594 1331 1622 1384; x_wconf 92' lang='grc' dir='ltr'><strong>ό</strong></span> <span class='ocrx_word' id='word_1_65' title='bbox 1659 1326 1862 1383; x_wconf 86' lang='grc' dir='ltr'><strong>κανών.</strong></span> <span class='ocrx_word' id='word_1_66' title='bbox 1902 1327 1963 1381; x_wconf 87' lang='lat'><strong>&#39;0</strong></span> 
     </span>
    </p>
   </div>
   <div class='ocr_carea' id='block_1_12' title="bbox 381 1420 1965 1493">
    <p class='ocr_par' dir='ltr' id='par_1_12' title="bbox 381 1420 1965 1493">
     <span class='ocr_line' id='line_1_12' title="bbox 381 1420 1965 1493; baseline -0.002 -18"><span class='ocrx_word' id='word_1_67' title='bbox 381 1421 439 1475; x_wconf 75' lang='grc' dir='ltr'><strong>δὲ</strong></span> <span class='ocrx_word' id='word_1_68' title='bbox 466 1420 538 1485; x_wconf 82' lang='grc' dir='ltr'><strong>ξδ’</strong></span> <span class='ocrx_word' id='word_1_69' title='bbox 565 1421 928 1485; x_wconf 66' lang='grc' dir='ltr'><strong>ἀποστολικδς</strong></span> <span class='ocrx_word' id='word_1_70' title='bbox 951 1420 1136 1474; x_wconf 88' lang='grc' dir='ltr'><strong>κανὼν</strong></span> <span class='ocrx_word' id='word_1_71' title='bbox 1167 1422 1421 1493; x_wconf 75' lang='grc' dir='ltr'><strong>ἀφορίζει</strong></span> <span class='ocrx_word' id='word_1_72' title='bbox 1481 1422 1609 1485; x_wconf 77' lang='grc' dir='ltr'><strong>τοὺς</strong></span> <span class='ocrx_word' id='word_1_73' title='bbox 1666 1420 1811 1474; x_wconf 80' lang='grc' dir='ltr'><strong>οὕτω</strong></span> <span class='ocrx_word' id='word_1_74' title='bbox 1862 1437 1965 1489; x_wconf 84' lang='grc' dir='ltr'><strong>νη-</strong></span> 
     </span>
    </p>
   </div>
   <div class='ocr_carea' id='block_1_13' title="bbox 382 1511 1966 1584">
    <p class='ocr_par' dir='ltr' id='par_1_13' title="bbox 382 1511 1966 1584">
     <span class='ocr_line' id='line_1_13' title="bbox 382 1511 1966 1584; baseline -0.001 -19"><span class='ocrx_word' id='word_1_75' title='bbox 382 1512 672 1575; x_wconf 83' lang='grc' dir='ltr'><strong>στεύοντας</strong></span> <span class='ocrx_word' id='word_1_76' title='bbox 702 1512 948 1577; x_wconf 82' lang='grc' dir='ltr'><strong>λαῖκοὺς,</strong></span> <span class='ocrx_word' id='word_1_77' title='bbox 974 1512 1163 1581; x_wconf 77' lang='grc' dir='ltr'><strong>ὥσπερ</strong></span> <span class='ocrx_word' id='word_1_78' title='bbox 1204 1514 1298 1566; x_wconf 76' lang='grc' dir='ltr'><strong>καὶ</strong></span> <span class='ocrx_word' id='word_1_79' title='bbox 1324 1514 1451 1570; x_wconf 75' lang='grc' dir='ltr'><strong>τοὺς</strong></span> <span class='ocrx_word' id='word_1_80' title='bbox 1478 1513 1782 1584; x_wconf 81' lang='grc' dir='ltr'><strong>κληρικοὺς</strong></span> <span class='ocrx_word' id='word_1_81' title='bbox 1828 1511 1966 1565; x_wconf 87' lang='grc' dir='ltr'><strong>καθ-</strong></span> 
     </span>
    </p>
   </div>
   <div class='ocr_carea' id='block_1_14' title="bbox 380 1600 1967 1675">
    <p class='ocr_par' dir='ltr' id='par_1_14' title="bbox 380 1600 1967 1675">
     <span class='ocr_line' id='line_1_14' title="bbox 380 1600 1967 1675; baseline -0.002 -20"><span class='ocrx_word' id='word_1_82' title='bbox 380 1605 547 1673; x_wconf 85' lang='grc' dir='ltr'><strong>αιρεῖ.</strong></span> <span class='ocrx_word' id='word_1_83' title='bbox 606 1604 767 1674; x_wconf 86' lang='grc' dir='ltr'><strong>Ζήτει</strong></span> <span class='ocrx_word' id='word_1_84' title='bbox 790 1605 884 1656; x_wconf 71' lang='grc' dir='ltr'><strong>καὶ</strong></span> <span class='ocrx_word' id='word_1_85' title='bbox 912 1604 1005 1656; x_wconf 78' lang='grc' dir='ltr'><strong>τὸν</strong></span> <span class='ocrx_word' id='word_1_86' title='bbox 1036 1601 1108 1656; x_wconf 80' lang='grc' dir='ltr'><strong>νε¹</strong></span> <span class='ocrx_word' id='word_1_87' title='bbox 1146 1603 1351 1659; x_wconf 78' lang='grc' dir='ltr'><strong>κανόνα</strong></span> <span class='ocrx_word' id='word_1_88' title='bbox 1379 1603 1480 1675; x_wconf 77' lang='grc' dir='ltr'><strong>τῆς</strong></span> <span class='ocrx_word' id='word_1_89' title='bbox 1525 1605 1583 1658; x_wconf 78' lang='grc' dir='ltr'><strong>ὲν</strong></span> <span class='ocrx_word' id='word_1_90' title='bbox 1609 1607 1685 1673; x_wconf 78' lang='grc' dir='ltr'><strong>τῷ</strong></span> <span class='ocrx_word' id='word_1_91' title='bbox 1708 1600 1967 1674; x_wconf 87' lang='grc' dir='ltr'><strong>Τρούλλῳ</strong></span> 
     </span>
    </p>
   </div>
   <div class='ocr_carea' id='block_1_15' title="bbox 384 1694 636 1750">
    <p class='ocr_par' dir='ltr' id='par_1_15' title="bbox 384 1694 636 1750">
     <span class='ocr_line' id='line_1_15' title="bbox 384 1694 636 1750; baseline 0.008 -3"><span class='ocrx_word' id='word_1_92' title='bbox 384 1694 636 1750; x_wconf 86' lang='grc' dir='ltr'><strong>συνόδου.</strong></span> 
     </span>
    </p>
   </div>
   <div class='ocr_carea' id='block_1_16' title="bbox 454 1784 1973 1858">
    <p class='ocr_par' dir='ltr' id='par_1_16' title="bbox 454 1784 1973 1858">
     <span class='ocr_line' id='line_1_16' title="bbox 454 1784 1973 1858; baseline 0.002 -21"><span class='ocrx_word' id='word_1_93' title='bbox 454 1784 697 1839; x_wconf 83' lang='grc' dir='ltr'><strong>ΖΩΝΑΡ.</strong></span> <span class='ocrx_word' id='word_1_94' title='bbox 743 1784 853 1838; x_wconf 76' lang='grc' dir='ltr'><strong>Καὶ</strong></span> <span class='ocrx_word' id='word_1_95' title='bbox 873 1784 933 1838; x_wconf 83' lang='grc' dir='ltr'><strong>ὲν</strong></span> <span class='ocrx_word' id='word_1_96' title='bbox 965 1787 1086 1847; x_wconf 81' lang='grc' dir='ltr'><strong>ταῖς</strong></span> <span class='ocrx_word' id='word_1_97' title='bbox 1118 1786 1433 1856; x_wconf 83' lang='grc' dir='ltr'><strong>Κυριακαϊς</strong></span> <span class='ocrx_word' id='word_1_98' title='bbox 1454 1787 1712 1858; x_wconf 81' lang='grc' dir='ltr'><strong>νηστείαν</strong></span> <span class='ocrx_word' id='word_1_99' title='bbox 1736 1787 1973 1857; x_wconf 78' lang='grc' dir='ltr'><strong>ἐκήρυτ-</strong></span> 
     </span>
    </p>
   </div>
   <div class='ocr_carea' id='block_1_17' title="bbox 1436 384 2479 454">
    <p class='ocr_par' dir='ltr' id='par_1_17' title="bbox 1436 384 2479 454">
     <span class='ocr_line' id='line_1_17' title="bbox 1436 384 2479 454; baseline 0.011 -11"><span class='ocrx_word' id='word_1_100' title='bbox 1436 384 1517 445; x_wconf 85' lang='lat' dir='ltr'>IN</span> <span class='ocrx_word' id='word_1_101' title='bbox 1550 384 1715 446; x_wconf 84' lang='lat' dir='ltr'><strong>CAN.</strong></span> <span class='ocrx_word' id='word_1_102' title='bbox 1769 384 1909 445; x_wconf 77' lang='lat' dir='ltr'><strong>XIX</strong></span> <span class='ocrx_word' id='word_1_103' title='bbox 1944 387 2155 449; x_wconf 81' lang='lat' dir='ltr'><strong>CONC.</strong></span> <span class='ocrx_word' id='word_1_104' title='bbox 2189 389 2479 454; x_wconf 79' lang='lat' dir='ltr'><strong>GANGR.</strong></span> 
     </span>
    </p>
   </div>
   <div class='ocr_carea' id='block_1_18' title="bbox 1973 506 2021 563">
    <p class='ocr_par' dir='ltr' id='par_1_18' title="bbox 1973 506 2021 563">
     <span class='ocr_line' id='line_1_18' title="bbox 1973 506 2021 563; baseline 0 0"><span class='ocrx_word' id='word_1_105' title='bbox 1973 506 2021 563; x_wconf 73' lang='grc' dir='ltr'>Α</span> 
     </span>
    </p>
   </div>
   <div class='ocr_carea' id='block_1_19' title="bbox 2621 502 3074 561">
    <p class='ocr_par' dir='ltr' id='par_1_19' title="bbox 2621 502 3074 561">
     <span class='ocr_line' id='line_1_19' title="bbox 2621 502 3074 561; baseline 0.009 -4"><span class='ocrx_word' id='word_1_106' title='bbox 2621 502 2851 558; x_wconf 72' lang='lat' dir='ltr'><strong>CANON</strong></span> <span class='ocrx_word' id='word_1_107' title='bbox 2884 502 3074 561; x_wconf 77' lang='lat' dir='ltr'>XVIII.</span> 
     </span>
    </p>
   </div>
   <div class='ocr_carea' id='block_1_20' title="bbox 2064 591 3633 664">
    <p class='ocr_par' dir='ltr' id='par_1_20' title="bbox 2064 591 3633 664">
     <span class='ocr_line' id='line_1_20' title="bbox 2064 591 3633 664; baseline 0.002 -19"><span class='ocrx_word' id='word_1_108' title='bbox 2064 610 2083 645; x_wconf 73' lang='grc' dir='ltr'><strong>ι</strong></span> <span class='ocrx_word' id='word_1_109' title='bbox 2119 591 2175 648; x_wconf 89' lang='lat' dir='ltr'><strong>Si</strong></span> <span class='ocrx_word' id='word_1_110' title='bbox 2210 592 2332 663; x_wconf 83' lang='lat' dir='ltr'><strong>quis</strong></span> <span class='ocrx_word' id='word_1_111' title='bbox 2368 601 2588 664; x_wconf 79' lang='lat' dir='ltr'><strong>propter</strong></span> <span class='ocrx_word' id='word_1_112' title='bbox 2614 608 2754 659; x_wconf 85' lang='lat' dir='ltr'><strong>eam,</strong></span> <span class='ocrx_word' id='word_1_113' title='bbox 2799 610 2921 664; x_wconf 86' lang='lat' dir='ltr'><strong>quae</strong></span> <span class='ocrx_word' id='word_1_114' title='bbox 2956 595 3327 660; x_wconf 75' lang='lat' dir='ltr'><strong>existimatur,</strong></span> <span class='ocrx_word' id='word_1_115' title='bbox 3371 602 3633 650; x_wconf 74' lang='lat' dir='ltr'><strong>exercita-</strong></span> 
     </span>
    </p>
   </div>
   <div class='ocr_carea' id='block_1_21' title="bbox 2134 685 3561 758">
    <p class='ocr_par' dir='ltr' id='par_1_21' title="bbox 2134 685 3561 758">
     <span class='ocr_line' id='line_1_21' title="bbox 2134 685 3561 758; baseline 0.004 -21"><span class='ocrx_word' id='word_1_116' title='bbox 2134 704 2155 737; x_wconf 76' lang='grc' dir='ltr'><strong>ι</strong></span> <span class='ocrx_word' id='word_1_117' title='bbox 2194 688 2391 741; x_wconf 86' lang='lat' dir='ltr'><strong>tionem</strong></span> <span class='ocrx_word' id='word_1_118' title='bbox 2424 685 2476 740; x_wconf 92' lang='lat' dir='ltr'><strong>in</strong></span> <span class='ocrx_word' id='word_1_119' title='bbox 2511 686 2795 741; x_wconf 88' lang='lat' dir='ltr'><strong>Dominico</strong></span> <span class='ocrx_word' id='word_1_120' title='bbox 2819 688 3054 758; x_wconf 88' lang='lat' dir='ltr'><strong>jejunet,</strong></span> <span class='ocrx_word' id='word_1_121' title='bbox 3090 688 3160 745; x_wconf 86' lang='lat' dir='ltr'><strong>sit</strong></span> <span class='ocrx_word' id='word_1_122' title='bbox 3192 688 3507 743; x_wconf 80' lang='lat' dir='ltr'><strong>anathema.</strong></span> <span class='ocrx_word' id='word_1_123' title='bbox 3542 706 3561 733; x_wconf 72' lang='grc' dir='ltr'><strong>ι</strong></span> 
     </span>
    </p>
   </div>
   <div class='ocr_carea' id='block_1_22' title="bbox 2134 777 3643 848">
    <p class='ocr_par' dir='ltr' id='par_1_22' title="bbox 2134 777 3643 848">
     <span class='ocr_line' id='line_1_22' title="bbox 2134 777 3643 848; baseline 0 -16"><span class='ocrx_word' id='word_1_124' title='bbox 2134 777 2327 834; x_wconf 83' lang='lat' dir='ltr'><strong>BALS.</strong></span> <span class='ocrx_word' id='word_1_125' title='bbox 2379 779 2564 837; x_wconf 83' lang='lat' dir='ltr'><strong>Multis</strong></span> <span class='ocrx_word' id='word_1_126' title='bbox 2605 780 2909 836; x_wconf 87' lang='lat' dir='ltr'><strong>canonibus</strong></span> <span class='ocrx_word' id='word_1_127' title='bbox 2943 789 3166 836; x_wconf 90' lang='lat' dir='ltr'><strong>cautum</strong></span> <span class='ocrx_word' id='word_1_128' title='bbox 3194 788 3302 845; x_wconf 88' lang='lat' dir='ltr'><strong>est,</strong></span> <span class='ocrx_word' id='word_1_129' title='bbox 3335 796 3404 835; x_wconf 88' lang='lat' dir='ltr'><strong>ne</strong></span> <span class='ocrx_word' id='word_1_130' title='bbox 3427 778 3643 848; x_wconf 79' lang='lat' dir='ltr'><strong>jejune-</strong></span> 
     </span>
    </p>
   </div>
   <div class='ocr_carea' id='block_1_23' title="bbox 2063 871 3651 944">
    <p class='ocr_par' dir='ltr' id='par_1_23' title="bbox 2063 871 3651 944">
     <span class='ocr_line' id='line_1_23' title="bbox 2063 871 3651 944; baseline -0.001 -19"><span class='ocrx_word' id='word_1_131' title='bbox 2063 882 2208 937; x_wconf 86' lang='lat' dir='ltr'><strong>mus,</strong></span> <span class='ocrx_word' id='word_1_132' title='bbox 2245 880 2299 926; x_wconf 90' lang='lat' dir='ltr'><strong>ct</strong></span> <span class='ocrx_word' id='word_1_133' title='bbox 2330 873 2613 928; x_wconf 82' lang='lat' dir='ltr'><strong>tristitiam</strong></span> <span class='ocrx_word' id='word_1_134' title='bbox 2656 888 2767 944; x_wconf 67' lang='lat' dir='ltr'><strong>pra:</strong></span> <span class='ocrx_word' id='word_1_135' title='bbox 2796 874 2957 928; x_wconf 88' lang='lat' dir='ltr'><strong>nobis</strong></span> <span class='ocrx_word' id='word_1_136' title='bbox 3003 871 3265 933; x_wconf 88' lang='lat' dir='ltr'><strong>feramus.</strong></span> <span class='ocrx_word' id='word_1_137' title='bbox 3302 872 3355 927; x_wconf 92' lang='lat' dir='ltr'><strong>in</strong></span> <span class='ocrx_word' id='word_1_138' title='bbox 3402 871 3543 927; x_wconf 88' lang='lat' dir='ltr'><strong>festo</strong></span> <span class='ocrx_word' id='word_1_139' title='bbox 3565 884 3651 938; x_wconf 67' lang='grc' dir='ltr'><strong>,πο</strong></span> 
     </span>
    </p>
   </div>
   <div class='ocr_carea' id='block_1_24' title="bbox 2065 961 3643 1036">
    <p class='ocr_par' dir='ltr' id='par_1_24' title="bbox 2065 961 3643 1036">
     <span class='ocr_line' id='line_1_24' title="bbox 2065 961 3643 1036; baseline -0.003 -19"><span class='ocrx_word' id='word_1_140' title='bbox 2065 964 2184 1019; x_wconf 72' lang='lat' dir='ltr'><strong>laeto</strong></span> <span class='ocrx_word' id='word_1_141' title='bbox 2252 966 2338 1020; x_wconf 90' lang='lat' dir='ltr'><strong>die</strong></span> <span class='ocrx_word' id='word_1_142' title='bbox 2381 965 2685 1030; x_wconf 89' lang='lat' dir='ltr'><strong>Dominico,</strong></span> <span class='ocrx_word' id='word_1_143' title='bbox 2747 973 2968 1036; x_wconf 83' lang='lat' dir='ltr'><strong>prepter</strong></span> <span class='ocrx_word' id='word_1_144' title='bbox 3027 963 3242 1020; x_wconf 86' lang='lat' dir='ltr'><strong>Domini</strong></span> <span class='ocrx_word' id='word_1_145' title='bbox 3275 961 3643 1019; x_wconf 87' lang='lat' dir='ltr'><strong>resurrectio-</strong></span> 
     </span>
    </p>
   </div>
   <div class='ocr_carea' id='block_1_25' title="bbox 2065 1055 3643 1126">
    <p class='ocr_par' dir='ltr' id='par_1_25' title="bbox 2065 1055 3643 1126">
     <span class='ocr_line' id='line_1_25' title="bbox 2065 1055 3643 1126; baseline -0.003 -15"><span class='ocrx_word' id='word_1_146' title='bbox 2065 1072 2227 1123; x_wconf 91' lang='lat' dir='ltr'><strong>nem;</strong></span> <span class='ocrx_word' id='word_1_147' title='bbox 2269 1057 2363 1112; x_wconf 88' lang='lat' dir='ltr'><strong>sed</strong></span> <span class='ocrx_word' id='word_1_148' title='bbox 2409 1057 2772 1122; x_wconf 86' lang='lat' dir='ltr'><strong>celebremus,</strong></span> <span class='ocrx_word' id='word_1_149' title='bbox 2830 1067 2883 1112; x_wconf 90' lang='lat' dir='ltr'><strong>et</strong></span> <span class='ocrx_word' id='word_1_150' title='bbox 2914 1056 3025 1113; x_wconf 91' lang='lat' dir='ltr'><strong>Deo</strong></span> <span class='ocrx_word' id='word_1_151' title='bbox 3054 1055 3260 1126; x_wconf 78' lang='lat' dir='ltr'><strong>gratias</strong></span> <span class='ocrx_word' id='word_1_152' title='bbox 3302 1068 3551 1126; x_wconf 89' lang='lat' dir='ltr'><strong>agamus,</strong></span> <span class='ocrx_word' id='word_1_153' title='bbox 3582 1060 3643 1107; x_wconf 91' lang='lat' dir='ltr'><strong>ut</strong></span> 
     </span>
    </p>
   </div>
   <div class='ocr_carea' id='block_1_26' title="bbox 2066 1146 3645 1218">
    <p class='ocr_par' dir='ltr' id='par_1_26' title="bbox 2066 1146 3645 1218">
     <span class='ocr_line' id='line_1_26' title="bbox 2066 1146 3645 1218; baseline 0.001 -18"><span class='ocrx_word' id='word_1_154' title='bbox 2066 1149 2157 1216; x_wconf 85' lang='lat' dir='ltr'><strong>qui</strong></span> <span class='ocrx_word' id='word_1_155' title='bbox 2209 1163 2275 1202; x_wconf 80' lang='lat' dir='ltr'><strong>ex</strong></span> <span class='ocrx_word' id='word_1_156' title='bbox 2331 1149 2535 1218; x_wconf 88' lang='lat' dir='ltr'><strong>peccati</strong></span> <span class='ocrx_word' id='word_1_157' title='bbox 2564 1149 2717 1218; x_wconf 91' lang='lat' dir='ltr'><strong>lapsu</strong></span> <span class='ocrx_word' id='word_1_158' title='bbox 2762 1148 3197 1203; x_wconf 83' lang='lat' dir='ltr'><strong>surrexerimus.</strong></span> <span class='ocrx_word' id='word_1_159' title='bbox 3248 1146 3645 1201; x_wconf 88' lang='lat' dir='ltr'><strong>Eustathianos</strong></span> 
     </span>
    </p>
   </div>
   <div class='ocr_carea' id='block_1_27' title="bbox 2065 1234 3646 1306">
    <p class='ocr_par' dir='ltr' id='par_1_27' title="bbox 2065 1234 3646 1306">
     <span class='ocr_line' id='line_1_27' title="bbox 2065 1234 3646 1306; baseline 0.001 -18"><span class='ocrx_word' id='word_1_160' title='bbox 2065 1248 2216 1306; x_wconf 87' lang='lat' dir='ltr'><strong>ergo,</strong></span> <span class='ocrx_word' id='word_1_161' title='bbox 2264 1235 2523 1292; x_wconf 86' lang='lat' dir='ltr'><strong>docentes</strong></span> <span class='ocrx_word' id='word_1_162' title='bbox 2571 1251 2695 1292; x_wconf 89' lang='lat' dir='ltr'><strong>esse</strong></span> <span class='ocrx_word' id='word_1_163' title='bbox 2737 1237 2790 1291; x_wconf 92' lang='lat' dir='ltr'><strong>in</strong></span> <span class='ocrx_word' id='word_1_164' title='bbox 2818 1236 3012 1292; x_wconf 87' lang='lat' dir='ltr'><strong>diebus</strong></span> <span class='ocrx_word' id='word_1_165' title='bbox 3060 1235 3363 1291; x_wconf 80' lang='lat' dir='ltr'><strong>Dominicis</strong></span> <span class='ocrx_word' id='word_1_166' title='bbox 3392 1234 3646 1305; x_wconf 87' lang='lat' dir='ltr'><strong>jejunan-</strong></span> 
     </span>
    </p>
   </div>
   <div class='ocr_carea' id='block_1_28' title="bbox 2066 1326 3648 1397">
    <p class='ocr_par' dir='ltr' id='par_1_28' title="bbox 2066 1326 3648 1397">
     <span class='ocr_line' id='line_1_28' title="bbox 2066 1326 3648 1397; baseline 0.001 -17"><span class='ocrx_word' id='word_1_167' title='bbox 2066 1326 2219 1392; x_wconf 91' lang='lat' dir='ltr'><strong>dum,</strong></span> <span class='ocrx_word' id='word_1_168' title='bbox 2268 1338 2492 1397; x_wconf 84' lang='lat' dir='ltr'><strong>propter</strong></span> <span class='ocrx_word' id='word_1_169' title='bbox 2539 1326 3252 1392; x_wconf 63' lang='lat' dir='ltr'><strong>exercitationem&#39;scilicet,</strong></span> <span class='ocrx_word' id='word_1_170' title='bbox 3296 1341 3474 1382; x_wconf 87' lang='lat' dir='ltr'><strong>canon</strong></span> <span class='ocrx_word' id='word_1_171' title='bbox 3514 1341 3648 1381; x_wconf 83' lang='lat' dir='ltr'><strong>ana-</strong></span> 
     </span>
    </p>
   </div>
   <div class='ocr_carea' id='block_1_29' title="bbox 2069 1419 3649 1493">
    <p class='ocr_par' dir='ltr' id='par_1_29' title="bbox 2069 1419 3649 1493">
     <span class='ocr_line' id='line_1_29' title="bbox 2069 1419 3649 1493; baseline 0.001 -21"><span class='ocrx_word' id='word_1_172' title='bbox 2069 1419 2305 1475; x_wconf 85' lang='lat' dir='ltr'><strong>themate</strong></span> <span class='ocrx_word' id='word_1_173' title='bbox 2329 1421 2583 1491; x_wconf 87' lang='lat' dir='ltr'><strong>percutit.</strong></span> <span class='ocrx_word' id='word_1_174' title='bbox 2608 1421 2993 1492; x_wconf 81' lang='lat' dir='ltr'><strong>Sexagesimns</strong></span> <span class='ocrx_word' id='word_1_175' title='bbox 3016 1428 3246 1493; x_wconf 88' lang='lat' dir='ltr'><strong>quartus</strong></span> <span class='ocrx_word' id='word_1_176' title='bbox 3273 1430 3452 1475; x_wconf 86' lang='lat' dir='ltr'><strong>autem</strong></span> <span class='ocrx_word' id='word_1_177' title='bbox 3472 1433 3649 1475; x_wconf 88' lang='lat' dir='ltr'><strong>canon</strong></span> 
     </span>
    </p>
   </div>
   <div class='ocr_carea' id='block_1_30' title="bbox 2068 1512 3651 1585">
    <p class='ocr_par' dir='ltr' id='par_1_30' title="bbox 2068 1512 3651 1585">
     <span class='ocr_line' id='line_1_30' title="bbox 2068 1512 3651 1585; baseline -0.001 -19"><span class='ocrx_word' id='word_1_178' title='bbox 2068 1513 2405 1583; x_wconf 87' lang='lat' dir='ltr'><strong>apostolicus</strong></span> <span class='ocrx_word' id='word_1_179' title='bbox 2422 1522 2674 1585; x_wconf 81' lang='lat' dir='ltr'><strong>segregat</strong></span> <span class='ocrx_word' id='word_1_180' title='bbox 2700 1514 2894 1581; x_wconf 91' lang='lat' dir='ltr'><strong>laicos,</strong></span> <span class='ocrx_word' id='word_1_181' title='bbox 2919 1516 3011 1585; x_wconf 89' lang='lat' dir='ltr'><strong>qui</strong></span> <span class='ocrx_word' id='word_1_182' title='bbox 3042 1514 3123 1570; x_wconf 91' lang='lat' dir='ltr'><strong>sic</strong></span> <span class='ocrx_word' id='word_1_183' title='bbox 3150 1512 3429 1583; x_wconf 90' lang='lat' dir='ltr'><strong>jejunant,</strong></span> <span class='ocrx_word' id='word_1_184' title='bbox 3462 1526 3651 1581; x_wconf 91' lang='lat' dir='ltr'><strong>quem-</strong></span> 
     </span>
    </p>
   </div>
   <div class='ocr_carea' id='block_1_31' title="bbox 2070 1604 3649 1677">
    <p class='ocr_par' dir='ltr' id='par_1_31' title="bbox 2070 1604 3649 1677">
     <span class='ocr_line' id='line_1_31' title="bbox 2070 1604 3649 1677; baseline -0.001 -18"><span class='ocrx_word' id='word_1_185' title='bbox 2070 1604 2363 1660; x_wconf 85' lang='lat' dir='ltr'><strong>admodum</strong></span> <span class='ocrx_word' id='word_1_186' title='bbox 2408 1613 2462 1659; x_wconf 89' lang='lat' dir='ltr'><strong>et</strong></span> <span class='ocrx_word' id='word_1_187' title='bbox 2508 1607 2740 1662; x_wconf 90' lang='lat' dir='ltr'><strong>clericos</strong></span> <span class='ocrx_word' id='word_1_188' title='bbox 2789 1606 3033 1677; x_wconf 86' lang='lat' dir='ltr'><strong>deponit.</strong></span> <span class='ocrx_word' id='word_1_189' title='bbox 3089 1604 3287 1672; x_wconf 83' lang='lat' dir='ltr'><strong>Quaere</strong></span> <span class='ocrx_word' id='word_1_190' title='bbox 3323 1613 3378 1661; x_wconf 90' lang='lat' dir='ltr'><strong>et</strong></span> <span class='ocrx_word' id='word_1_191' title='bbox 3431 1604 3502 1660; x_wconf 80' lang='lat'><strong>55</strong></span> <span class='ocrx_word' id='word_1_192' title='bbox 3557 1618 3649 1658; x_wconf 84' lang='lat' dir='ltr'><strong>ca-</strong></span> 
     </span>
    </p>
   </div>
   <div class='ocr_carea' id='block_1_32' title="bbox 2073 1696 2836 1769">
    <p class='ocr_par' dir='ltr' id='par_1_32' title="bbox 2073 1696 2836 1769">
     <span class='ocr_line' id='line_1_32' title="bbox 2073 1696 2836 1769; baseline 0.001 -17"><span class='ocrx_word' id='word_1_193' title='bbox 2073 1711 2272 1752; x_wconf 88' lang='lat' dir='ltr'><strong>nonem</strong></span> <span class='ocrx_word' id='word_1_194' title='bbox 2304 1697 2499 1769; x_wconf 82' lang='lat' dir='ltr'><strong>synodi</strong></span> <span class='ocrx_word' id='word_1_195' title='bbox 2533 1698 2589 1753; x_wconf 91' lang='lat' dir='ltr'><strong>in</strong></span> <span class='ocrx_word' id='word_1_196' title='bbox 2620 1696 2836 1754; x_wconf 88' lang='lat' dir='ltr'><strong>Trullo.</strong></span> 
     </span>
    </p>
   </div>
   <div class='ocr_carea' id='block_1_33' title="bbox 2147 1786 3655 1861">
    <p class='ocr_par' dir='ltr' id='par_1_33' title="bbox 2147 1786 3655 1861">
     <span class='ocr_line' id='line_1_33' title="bbox 2147 1786 3655 1861; baseline -0.001 -20"><span class='ocrx_word' id='word_1_197' title='bbox 2147 1787 2401 1843; x_wconf 77' lang='lat' dir='ltr'><strong>ZONAR.</strong></span> <span class='ocrx_word' id='word_1_198' title='bbox 2448 1786 2725 1859; x_wconf 84' lang='lat' dir='ltr'><strong>Jejunium</strong></span> <span class='ocrx_word' id='word_1_199' title='bbox 2771 1788 3052 1845; x_wconf 86' lang='lat' dir='ltr'><strong>Dominica</strong></span> <span class='ocrx_word' id='word_1_200' title='bbox 3082 1803 3303 1861; x_wconf 88' lang='lat' dir='ltr'><strong>quoque</strong></span> <span class='ocrx_word' id='word_1_201' title='bbox 3332 1787 3424 1843; x_wconf 85' lang='lat' dir='ltr'><strong>die</strong></span> <span class='ocrx_word' id='word_1_202' title='bbox 3463 1786 3655 1843; x_wconf 84' lang='lat' dir='ltr'><strong>Eusta-</strong></span> 
     </span>
    </p>
   </div>
   <div class='ocr_carea' id='block_1_34' title="bbox 385 1873 1979 1954">
    <p class='ocr_par' dir='ltr' id='par_1_34' title="bbox 385 1874 1968 1950">
     <span class='ocr_line' id='line_1_34' title="bbox 385 1874 1968 1950; baseline 0.001 -23"><span class='ocrx_word' id='word_1_203' title='bbox 385 1893 479 1928; x_wconf 89' lang='grc' dir='ltr'><strong>τεν</strong></span> <span class='ocrx_word' id='word_1_204' title='bbox 505 1878 532 1929; x_wconf 86' lang='grc' dir='ltr'><strong>ό</strong></span> <span class='ocrx_word' id='word_1_205' title='bbox 564 1876 885 1940; x_wconf 85' lang='grc' dir='ltr'><strong>Εύστάθιος.</strong></span> <span class='ocrx_word' id='word_1_206' title='bbox 918 1878 1007 1929; x_wconf 80' lang='grc' dir='ltr'><strong>ὅτε</strong></span> <span class='ocrx_word' id='word_1_207' title='bbox 1037 1874 1128 1928; x_wconf 80' lang='grc' dir='ltr'><strong>διὰ</strong></span> <span class='ocrx_word' id='word_1_208' title='bbox 1170 1877 1272 1949; x_wconf 80' lang='grc' dir='ltr'><strong>τὴν</strong></span> <span class='ocrx_word' id='word_1_209' title='bbox 1315 1877 1536 1950; x_wconf 78' lang='grc' dir='ltr'><strong>ἔγερσιν</strong></span> <span class='ocrx_word' id='word_1_210' title='bbox 1588 1878 1686 1932; x_wconf 83' lang='grc' dir='ltr'><strong>τοῦ</strong></span> <span class='ocrx_word' id='word_1_211' title='bbox 1737 1880 1968 1950; x_wconf 72' lang='grc' dir='ltr'><strong>Κυρίου,</strong></span> 
     </span>
    </p>
   </div>
   <div class='ocr_carea' id='block_1_35' title="bbox 2084 1873 3655 1954">
    <p class='ocr_par' dir='ltr' id='par_1_35' title="bbox 2084 1879 3655 1954">
     <span class='ocr_line' id='line_1_35' title="bbox 2084 1879 3655 1954; baseline -0.001 -18"><span class='ocrx_word' id='word_1_212' title='bbox 2084 1882 2229 1938; x_wconf 89' lang='lat' dir='ltr'><strong>thius</strong></span> <span class='ocrx_word' id='word_1_213' title='bbox 2258 1882 2485 1949; x_wconf 81' lang='lat' dir='ltr'><strong>indixit;</strong></span> <span class='ocrx_word' id='word_1_214' title='bbox 2513 1897 2678 1953; x_wconf 90' lang='lat' dir='ltr'><strong>quam</strong></span> <span class='ocrx_word' id='word_1_215' title='bbox 2712 1890 2920 1948; x_wconf 90' lang='lat' dir='ltr'><strong>tamen,</strong></span> <span class='ocrx_word' id='word_1_216' title='bbox 2951 1882 3097 1954; x_wconf 90' lang='lat' dir='ltr'><strong>quod</strong></span> <span class='ocrx_word' id='word_1_217' title='bbox 3124 1897 3222 1952; x_wconf 89' lang='lat' dir='ltr'><strong>per</strong></span> <span class='ocrx_word' id='word_1_218' title='bbox 3250 1896 3369 1937; x_wconf 85' lang='lat' dir='ltr'><strong>eam</strong></span> <span class='ocrx_word' id='word_1_219' title='bbox 3400 1879 3655 1937; x_wconf 85' lang='lat' dir='ltr'><strong>Christus</strong></span> 
     </span>
    </p>
   </div>
   <div class='ocr_carea' id='block_1_36' title="bbox 387 1965 1968 2041">
    <p class='ocr_par' dir='ltr' id='par_1_36' title="bbox 387 1965 1968 2041">
     <span class='ocr_line' id='line_1_36' title="bbox 387 1965 1968 2041; baseline 0.004 -24"><span class='ocrx_word' id='word_1_220' title='bbox 387 1966 485 2017; x_wconf 69' lang='grc' dir='ltr'><strong>καὶ</strong></span> <span class='ocrx_word' id='word_1_221' title='bbox 514 1965 618 2036; x_wconf 81' lang='grc' dir='ltr'><strong>τὴν</strong></span> <span class='ocrx_word' id='word_1_222' title='bbox 652 1968 751 2035; x_wconf 83' lang='grc' dir='ltr'><strong>τῆς</strong></span> <span class='ocrx_word' id='word_1_223' title='bbox 788 1967 1037 2039; x_wconf 83' lang='grc' dir='ltr'><strong>βροτείας</strong></span> <span class='ocrx_word' id='word_1_224' title='bbox 1068 1969 1285 2038; x_wconf 82' lang='grc' dir='ltr'><strong>φύσεως</strong></span> <span class='ocrx_word' id='word_1_225' title='bbox 1314 1971 1378 2022; x_wconf 78' lang='grc' dir='ltr'><strong>ὲκ</strong></span> <span class='ocrx_word' id='word_1_226' title='bbox 1409 1969 1503 2022; x_wconf 84' lang='grc' dir='ltr'><strong>τοῦ</strong></span> <span class='ocrx_word' id='word_1_227' title='bbox 1537 1969 1832 2041; x_wconf 74' lang='grc' dir='ltr'><strong>πτώματος</strong></span> <span class='ocrx_word' id='word_1_228' title='bbox 1869 1972 1968 2041; x_wconf 83' lang='grc' dir='ltr'><strong>τῆς</strong></span> 
     </span>
    </p>
   </div>
   <div class='ocr_carea' id='block_1_37' title="bbox 388 2060 1969 2138">
    <p class='ocr_par' dir='ltr' id='par_1_37' title="bbox 388 2060 1969 2138">
     <span class='ocr_line' id='line_1_37' title="bbox 388 2060 1969 2138; baseline 0.003 -24"><span class='ocrx_word' id='word_1_229' title='bbox 388 2060 666 2132; x_wconf 77' lang='grc' dir='ltr'><strong>ἀμαρτὲας</strong></span> <span class='ocrx_word' id='word_1_230' title='bbox 692 2062 1011 2128; x_wconf 83' lang='grc' dir='ltr'><strong>ἀνάστασιν,</strong></span> <span class='ocrx_word' id='word_1_231' title='bbox 1062 2066 1407 2135; x_wconf 80' lang='grc' dir='ltr'><strong>εὐχαριστεῖν</strong></span> <span class='ocrx_word' id='word_1_232' title='bbox 1439 2065 1586 2134; x_wconf 76' lang='grc' dir='ltr'><strong>ἡμᾶς</strong></span> <span class='ocrx_word' id='word_1_233' title='bbox 1606 2065 1688 2118; x_wconf 80' lang='grc' dir='ltr'><strong>δεῖ</strong></span> <span class='ocrx_word' id='word_1_234' title='bbox 1715 2064 1793 2137; x_wconf 81' lang='grc' dir='ltr'><strong>τῷ</strong></span> <span class='ocrx_word' id='word_1_235' title='bbox 1848 2065 1969 2138; x_wconf 85' lang='grc' dir='ltr'><strong>Θεῷ</strong></span> 
     </span>
    </p>
   </div>
   <div class='ocr_carea' id='block_1_38' title="bbox 390 2154 1972 2231">
    <p class='ocr_par' dir='ltr' id='par_1_38' title="bbox 390 2154 1972 2231">
     <span class='ocr_line' id='line_1_38' title="bbox 390 2154 1972 2231; baseline 0.003 -24"><span class='ocrx_word' id='word_1_236' title='bbox 390 2155 488 2208; x_wconf 77' lang='grc' dir='ltr'><strong>καὶ</strong></span> <span class='ocrx_word' id='word_1_237' title='bbox 514 2154 749 2225; x_wconf 86' lang='grc' dir='ltr'><strong>χαίρειν.</strong></span> <span class='ocrx_word' id='word_1_238' title='bbox 796 2154 859 2208; x_wconf 88' lang='grc' dir='ltr'><strong>Ἦ</strong></span> <span class='ocrx_word' id='word_1_239' title='bbox 882 2156 939 2209; x_wconf 79' lang='grc' dir='ltr'><strong>δὲ</strong></span> <span class='ocrx_word' id='word_1_240' title='bbox 997 2156 1224 2227; x_wconf 90' lang='grc' dir='ltr'><strong>νηστεία</strong></span> <span class='ocrx_word' id='word_1_241' title='bbox 1283 2158 1580 2228; x_wconf 77' lang='grc' dir='ltr'><strong>συντριόἧς</strong></span> <span class='ocrx_word' id='word_1_242' title='bbox 1638 2158 1734 2213; x_wconf 73' lang='grc' dir='ltr'><strong>καὶ</strong></span> <span class='ocrx_word' id='word_1_243' title='bbox 1794 2158 1972 2231; x_wconf 82' lang='grc' dir='ltr'>λύπης</span> 
     </span>
    </p>
   </div>
   <div class='ocr_carea' id='block_1_39' title="bbox 391 2245 1967 2323">
    <p class='ocr_par' dir='ltr' id='par_1_39' title="bbox 391 2245 1967 2323">
     <span class='ocr_line' id='line_1_39' title="bbox 391 2245 1967 2323; baseline 0.006 -26"><span class='ocrx_word' id='word_1_244' title='bbox 391 2246 509 2298; x_wconf 75' lang='grc' dir='ltr'><strong>ἐστὶ</strong></span> <span class='ocrx_word' id='word_1_245' title='bbox 551 2245 847 2314; x_wconf 78' lang='grc' dir='ltr'><strong>σύμϐολον.</strong></span> <span class='ocrx_word' id='word_1_246' title='bbox 891 2247 983 2301; x_wconf 76' lang='grc' dir='ltr'><strong>Διὸ</strong></span> <span class='ocrx_word' id='word_1_247' title='bbox 1010 2250 1107 2302; x_wconf 75' lang='grc' dir='ltr'><strong>καὶ</strong></span> <span class='ocrx_word' id='word_1_248' title='bbox 1136 2251 1251 2313; x_wconf 80' lang='grc' dir='ltr'><strong>τοῖς</strong></span> <span class='ocrx_word' id='word_1_249' title='bbox 1284 2250 1646 2323; x_wconf 85' lang='grc' dir='ltr'><strong>νηστεύουσιν</strong></span> <span class='ocrx_word' id='word_1_250' title='bbox 1670 2252 1729 2307; x_wconf 81' lang='grc' dir='ltr'><strong>ὲν</strong></span> <span class='ocrx_word' id='word_1_251' title='bbox 1750 2252 1967 2322; x_wconf 82' lang='grc' dir='ltr'><strong>Κυρια-</strong></span> 
     </span>
    </p>
   </div>
   <div class='ocr_carea' id='block_1_40' title="bbox 391 2335 1078 2415">
    <p class='ocr_par' dir='ltr' id='par_1_40' title="bbox 391 2335 1078 2415">
     <span class='ocr_line' id='line_1_40' title="bbox 391 2335 1078 2415; baseline 0.01 -24"><span class='ocrx_word' id='word_1_252' title='bbox 391 2341 519 2404; x_wconf 81' lang='grc' dir='ltr'><strong>καίς</strong></span> <span class='ocrx_word' id='word_1_253' title='bbox 569 2335 777 2415; x_wconf 73' lang='grc' dir='ltr'><strong>ἐτάχθη</strong></span> <span class='ocrx_word' id='word_1_254' title='bbox 806 2343 1078 2415; x_wconf 87' lang='grc' dir='ltr'><strong>ἀνάθεμα.</strong></span> 
     </span>
    </p>
   </div>
   <div class='ocr_carea' id='block_1_41' title="bbox 390 2529 1972 2603">
    <p class='ocr_par' dir='ltr' id='par_1_41' title="bbox 390 2529 1972 2603">
     <span class='ocr_line' id='line_1_41' title="bbox 390 2529 1972 2603; baseline 0.001 -20"><span class='ocrx_word' id='word_1_255' title='bbox 390 2529 613 2584; x_wconf 73' lang='grc' dir='ltr'><strong>ΔΡΙΣΤ.</strong></span> <span class='ocrx_word' id='word_1_256' title='bbox 647 2549 665 2583; x_wconf 79' lang='grc' dir='ltr'><strong>ι</strong></span> <span class='ocrx_word' id='word_1_257' title='bbox 707 2530 766 2584; x_wconf 90' lang='lat'><strong>&#39;0</strong></span> <span class='ocrx_word' id='word_1_258' title='bbox 798 2530 898 2603; x_wconf 79' lang='grc' dir='ltr'><strong>τὴν</strong></span> <span class='ocrx_word' id='word_1_259' title='bbox 932 2532 1223 2602; x_wconf 80' lang='grc' dir='ltr'><strong>Κυριακὴν</strong></span> <span class='ocrx_word' id='word_1_260' title='bbox 1279 2531 1312 2603; x_wconf 81' lang='grc' dir='ltr'>ἢ</span> <span class='ocrx_word' id='word_1_261' title='bbox 1353 2531 1413 2584; x_wconf 85' lang='grc' dir='ltr'><strong>τδ</strong></span> <span class='ocrx_word' id='word_1_262' title='bbox 1440 2530 1717 2585; x_wconf 73' lang='grc' dir='ltr'><strong>Σάϐϐατον</strong></span> <span class='ocrx_word' id='word_1_263' title='bbox 1747 2531 1972 2598; x_wconf 82' lang='grc' dir='ltr'><strong>ἀσιτῶν,</strong></span> 
     </span>
    </p>
   </div>
   <div class='ocr_carea' id='block_1_42' title="bbox 987 2626 1360 2693">
    <p class='ocr_par' dir='ltr' id='par_1_42' title="bbox 987 2626 1360 2693">
     <span class='ocr_line' id='line_1_42' title="bbox 987 2626 1360 2693; baseline -0.003 -16"><span class='ocrx_word' id='word_1_264' title='bbox 987 2643 1007 2677; x_wconf 70' lang='grc' dir='ltr'><strong>ι</strong></span> <span class='ocrx_word' id='word_1_265' title='bbox 1044 2626 1310 2693; x_wconf 75' lang='grc' dir='ltr'><strong>ἀνάθεμα.</strong></span> <span class='ocrx_word' id='word_1_266' title='bbox 1342 2642 1360 2676; x_wconf 72' lang='grc' dir='ltr'><strong>ι</strong></span> 
     </span>
    </p>
   </div>
   <div class='ocr_carea' id='block_1_43' title="bbox 986 2716 1352 2771">
    <p class='ocr_par' dir='ltr' id='par_1_43' title="bbox 986 2716 1352 2771">
     <span class='ocr_line' id='line_1_43' title="bbox 986 2716 1352 2771; baseline 0.005 -2"><span class='ocrx_word' id='word_1_267' title='bbox 986 2717 1225 2770; x_wconf 75' lang='grc' dir='ltr'><strong>ΚΑΝΩΝ</strong></span> <span class='ocrx_word' id='word_1_268' title='bbox 1253 2716 1352 2771; x_wconf 88' lang='grc' dir='ltr'><strong>ΙΘ’.</strong></span> 
     </span>
    </p>
   </div>
   <div class='ocr_carea' id='block_1_44' title="bbox 404 2804 1980 2879">
    <p class='ocr_par' dir='ltr' id='par_1_44' title="bbox 404 2804 1980 2879">
     <span class='ocr_line' id='line_1_44' title="bbox 404 2804 1980 2879; baseline 0.003 -22"><span class='ocrx_word' id='word_1_269' title='bbox 404 2822 422 2857; x_wconf 81' lang='lat' dir='ltr'><strong>t</strong></span> <span class='ocrx_word' id='word_1_270' title='bbox 466 2804 532 2860; x_wconf 64' lang='lat' dir='ltr'><strong>Et</strong></span> <span class='ocrx_word' id='word_1_271' title='bbox 556 2823 640 2868; x_wconf 87' lang='grc' dir='ltr'><strong>τις</strong></span> <span class='ocrx_word' id='word_1_272' title='bbox 661 2804 769 2860; x_wconf 85' lang='grc' dir='ltr'><strong>τῶν</strong></span> <span class='ocrx_word' id='word_1_273' title='bbox 800 2807 1158 2877; x_wconf 78' lang='grc' dir='ltr'><strong>ἀσκουμένων</strong></span> <span class='ocrx_word' id='word_1_274' title='bbox 1199 2809 1373 2878; x_wconf 49' lang='grc' dir='ltr'><strong>χωρὶς</strong></span> <span class='ocrx_word' id='word_1_275' title='bbox 1421 2807 1748 2879; x_wconf 80' lang='grc' dir='ltr'><strong>σωματικῆς</strong></span> <span class='ocrx_word' id='word_1_276' title='bbox 1809 2808 1980 2877; x_wconf 83' lang='grc' dir='ltr'><strong>ἀνάγ·</strong></span> 
     </span>
    </p>
   </div>
   <div class='ocr_carea' id='block_1_45' title="bbox 482 2899 1981 2970">
    <p class='ocr_par' dir='ltr' id='par_1_45' title="bbox 482 2899 1981 2970">
     <span class='ocr_line' id='line_1_45' title="bbox 482 2899 1981 2970; baseline 0.001 -20"><span class='ocrx_word' id='word_1_277' title='bbox 482 2917 501 2950; x_wconf 80' lang='lat' dir='ltr'><strong>t</strong></span> <span class='ocrx_word' id='word_1_278' title='bbox 540 2916 643 2968; x_wconf 89' lang='grc' dir='ltr'><strong>κης</strong></span> <span class='ocrx_word' id='word_1_279' title='bbox 674 2899 1174 2969; x_wconf 84' lang='grc' dir='ltr'><strong>ὑπερηφανεύοιτο,</strong></span> <span class='ocrx_word' id='word_1_280' title='bbox 1248 2901 1343 2952; x_wconf 74' lang='grc' dir='ltr'><strong>καὶ</strong></span> <span class='ocrx_word' id='word_1_281' title='bbox 1386 2900 1484 2961; x_wconf 77' lang='grc' dir='ltr'><strong>τὰς</strong></span> <span class='ocrx_word' id='word_1_282' title='bbox 1532 2900 1981 2970; x_wconf 79' lang='grc' dir='ltr'><strong>παραδεδομένας</strong></span> 
     </span>
    </p>
   </div>
   <div class='ocr_carea' id='block_1_46' title="bbox 480 2990 1981 3060">
    <p class='ocr_par' dir='ltr' id='par_1_46' title="bbox 480 2990 1981 3060">
     <span class='ocr_line' id='line_1_46' title="bbox 480 2990 1981 3060; baseline 0 -18"><span class='ocrx_word' id='word_1_283' title='bbox 480 3009 500 3042; x_wconf 74' lang='grc' dir='ltr'><strong>ι</strong></span> <span class='ocrx_word' id='word_1_284' title='bbox 537 2990 795 3057; x_wconf 75' lang='grc' dir='ltr'><strong>νηστείας</strong></span> <span class='ocrx_word' id='word_1_285' title='bbox 820 2991 901 3052; x_wconf 83' lang='grc' dir='ltr'><strong>είς</strong></span> <span class='ocrx_word' id='word_1_286' title='bbox 922 2990 982 3042; x_wconf 77' lang='grc' dir='ltr'><strong>τὸ</strong></span> <span class='ocrx_word' id='word_1_287' title='bbox 1006 2991 1205 3056; x_wconf 61' lang='grc' dir='ltr'><strong>κοινῖν,</strong></span> <span class='ocrx_word' id='word_1_288' title='bbox 1237 2991 1330 3042; x_wconf 76' lang='grc' dir='ltr'><strong>καὶ</strong></span> <span class='ocrx_word' id='word_1_289' title='bbox 1383 2990 1805 3060; x_wconf 79' lang='grc' dir='ltr'><strong>φυλασσομένας</strong></span> <span class='ocrx_word' id='word_1_290' title='bbox 1875 2991 1981 3042; x_wconf 80' lang='grc' dir='ltr'>ὑπὸ</span> 
     </span>
    </p>
   </div>
   <div class='ocr_carea' id='block_1_47' title="bbox 484 3076 1982 3149">
    <p class='ocr_par' dir='ltr' id='par_1_47' title="bbox 484 3076 1982 3149">
     <span class='ocr_line' id='line_1_47' title="bbox 484 3076 1982 3149; baseline -0.001 -18"><span class='ocrx_word' id='word_1_291' title='bbox 484 3079 632 3145; x_wconf 80' lang='grc' dir='ltr'><strong>«τῆς</strong></span> <span class='ocrx_word' id='word_1_292' title='bbox 698 3078 1051 3148; x_wconf 83' lang='grc' dir='ltr'><strong>Ἐκκλησίας,</strong></span> <span class='ocrx_word' id='word_1_293' title='bbox 1112 3077 1406 3149; x_wconf 77' lang='grc' dir='ltr'><strong>παραλύοι,</strong></span> <span class='ocrx_word' id='word_1_294' title='bbox 1468 3076 1877 3149; x_wconf 83' lang='grc' dir='ltr'><strong>ἀποκυροῦντος</strong></span> <span class='ocrx_word' id='word_1_295' title='bbox 1922 3080 1982 3130; x_wconf 82' lang='grc' dir='ltr'><strong>ἐν</strong></span> 
     </span>
    </p>
   </div>
   <div class='ocr_carea' id='block_1_48' title="bbox 477 3170 1741 3241">
    <p class='ocr_par' dir='ltr' id='par_1_48' title="bbox 477 3170 1741 3241">
     <span class='ocr_line' id='line_1_48' title="bbox 477 3170 1741 3241; baseline -0.002 -17"><span class='ocrx_word' id='word_1_296' title='bbox 477 3190 499 3224; x_wconf 74' lang='grc' dir='ltr'><strong>σ</strong></span> <span class='ocrx_word' id='word_1_297' title='bbox 542 3170 692 3241; x_wconf 84' lang='grc' dir='ltr'><strong>αύτῷ</strong></span> <span class='ocrx_word' id='word_1_298' title='bbox 714 3170 919 3224; x_wconf 78' lang='grc' dir='ltr'><strong>τελείου</strong></span> <span class='ocrx_word' id='word_1_299' title='bbox 943 3170 1227 3240; x_wconf 78' lang='grc' dir='ltr'><strong>λογισμοῦ,</strong></span> <span class='ocrx_word' id='word_1_300' title='bbox 1270 3170 1518 3241; x_wconf 70' lang='grc' dir='ltr'><strong>ἀνάθεμα</strong></span> <span class='ocrx_word' id='word_1_301' title='bbox 1546 3170 1741 3224; x_wconf 76' lang='grc' dir='ltr'><strong>ἔστω.»</strong></span> 
     </span>
    </p>
   </div>
   <div class='ocr_carea' id='block_1_49' title="bbox 2078 1970 3655 2041">
    <p class='ocr_par' dir='ltr' id='par_1_49' title="bbox 2078 1970 3655 2041">
     <span class='ocr_line' id='line_1_49' title="bbox 2078 1970 3655 2041; baseline -0.002 -15"><span class='ocrx_word' id='word_1_302' title='bbox 2078 1973 2145 2027; x_wconf 89' lang='lat' dir='ltr'><strong>ab</strong></span> <span class='ocrx_word' id='word_1_303' title='bbox 2186 1972 2375 2029; x_wconf 82' lang='lat' dir='ltr'><strong>inferis</strong></span> <span class='ocrx_word' id='word_1_304' title='bbox 2406 1972 2686 2030; x_wconf 79' lang='lat' dir='ltr'><strong>redivivus</strong></span> <span class='ocrx_word' id='word_1_305' title='bbox 2718 1973 3018 2040; x_wconf 82' lang='lat' dir='ltr'><strong>exstiterit,</strong></span> <span class='ocrx_word' id='word_1_306' title='bbox 3051 1982 3414 2041; x_wconf 86' lang='lat' dir='ltr'><strong>naturamque</strong></span> <span class='ocrx_word' id='word_1_307' title='bbox 3460 1970 3655 2027; x_wconf 89' lang='lat' dir='ltr'><strong>huma-</strong></span> 
     </span>
    </p>
   </div>
   <div class='ocr_carea' id='block_1_50' title="bbox 2078 2061 3656 2135">
    <p class='ocr_par' dir='ltr' id='par_1_50' title="bbox 2078 2061 3656 2135">
     <span class='ocr_line' id='line_1_50' title="bbox 2078 2061 3656 2135; baseline -0.002 -16"><span class='ocrx_word' id='word_1_308' title='bbox 2078 2079 2203 2119; x_wconf 86' lang='lat' dir='ltr'><strong>nam</strong></span> <span class='ocrx_word' id='word_1_309' title='bbox 2256 2079 2286 2119; x_wconf 91' lang='lat' dir='ltr'><strong>a</strong></span> <span class='ocrx_word' id='word_1_310' title='bbox 2334 2064 2545 2135; x_wconf 89' lang='lat' dir='ltr'><strong>peccati</strong></span> <span class='ocrx_word' id='word_1_311' title='bbox 2590 2064 2746 2135; x_wconf 90' lang='lat' dir='ltr'><strong>lapsu</strong></span> <span class='ocrx_word' id='word_1_312' title='bbox 2773 2062 3494 2133; x_wconf 80' lang='lat' dir='ltr'><strong>exscitarit,exsultabundi</strong></span> <span class='ocrx_word' id='word_1_313' title='bbox 3543 2061 3656 2117; x_wconf 86' lang='lat' dir='ltr'><strong>Deo</strong></span> 
     </span>
    </p>
   </div>
   <div class='ocr_carea' id='block_1_51' title="bbox 2079 2154 3663 2229">
    <p class='ocr_par' dir='ltr' id='par_1_51' title="bbox 2079 2154 3663 2229">
     <span class='ocr_line' id='line_1_51' title="bbox 2079 2154 3663 2229; baseline -0.003 -17"><span class='ocrx_word' id='word_1_314' title='bbox 2079 2155 2283 2227; x_wconf 79' lang='lat' dir='ltr'><strong>gratias</strong></span> <span class='ocrx_word' id='word_1_315' title='bbox 2336 2167 2557 2229; x_wconf 81' lang='lat' dir='ltr'><strong>agentes</strong></span> <span class='ocrx_word' id='word_1_316' title='bbox 2607 2158 2911 2229; x_wconf 87' lang='lat' dir='ltr'><strong>transigere</strong></span> <span class='ocrx_word' id='word_1_317' title='bbox 2955 2157 3241 2215; x_wconf 82' lang='lat' dir='ltr'><strong>debemus.</strong></span> <span class='ocrx_word' id='word_1_318' title='bbox 3283 2157 3354 2210; x_wconf 83' lang='lat' dir='ltr'><strong>At</strong></span> <span class='ocrx_word' id='word_1_319' title='bbox 3380 2154 3663 2227; x_wconf 74' lang='lat' dir='ltr'><strong>jejunium</strong></span> 
     </span>
    </p>
   </div>
   <div class='ocr_carea' id='block_1_52' title="bbox 2079 2248 3669 2322">
    <p class='ocr_par' dir='ltr' id='par_1_52' title="bbox 2079 2248 3669 2322">
     <span class='ocr_line' id='line_1_52' title="bbox 2079 2248 3669 2322; baseline -0.003 -17"><span class='ocrx_word' id='word_1_320' title='bbox 2079 2250 2286 2307; x_wconf 87' lang='lat' dir='ltr'><strong>doloris</strong></span> <span class='ocrx_word' id='word_1_321' title='bbox 2309 2250 2657 2321; x_wconf 83' lang='lat' dir='ltr'><strong>tristitiaeque</strong></span> <span class='ocrx_word' id='word_1_322' title='bbox 2670 2250 2836 2307; x_wconf 86' lang='lat' dir='ltr'><strong>habet</strong></span> <span class='ocrx_word' id='word_1_323' title='bbox 2858 2259 3264 2322; x_wconf 87' lang='lat' dir='ltr'><strong>argumentum.</strong></span> <span class='ocrx_word' id='word_1_324' title='bbox 3289 2248 3669 2318; x_wconf 80' lang='lat' dir='ltr'><strong>Quamobrem-</strong></span> 
     </span>
    </p>
   </div>
   <div class='ocr_carea' id='block_1_53' title="bbox 2079 2341 3659 2415">
    <p class='ocr_par' dir='ltr' id='par_1_53' title="bbox 2079 2341 3659 2415">
     <span class='ocr_line' id='line_1_53' title="bbox 2079 2341 3659 2415; baseline -0.004 -16"><span class='ocrx_word' id='word_1_325' title='bbox 2079 2356 2129 2399; x_wconf 88' lang='lat' dir='ltr'><strong>et</strong></span> <span class='ocrx_word' id='word_1_326' title='bbox 2159 2341 2215 2396; x_wconf 90' lang='lat' dir='ltr'><strong>in</strong></span> <span class='ocrx_word' id='word_1_327' title='bbox 2245 2356 2363 2408; x_wconf 89' lang='lat' dir='ltr'><strong>eos,</strong></span> <span class='ocrx_word' id='word_1_328' title='bbox 2392 2342 2484 2413; x_wconf 90' lang='lat' dir='ltr'><strong>qui</strong></span> <span class='ocrx_word' id='word_1_329' title='bbox 2503 2342 2785 2400; x_wconf 83' lang='lat' dir='ltr'><strong>Dominica</strong></span> <span class='ocrx_word' id='word_1_330' title='bbox 2819 2343 2909 2399; x_wconf 91' lang='lat' dir='ltr'><strong>die</strong></span> <span class='ocrx_word' id='word_1_331' title='bbox 2935 2342 3286 2415; x_wconf 89' lang='lat' dir='ltr'><strong>jejunarent,</strong></span> <span class='ocrx_word' id='word_1_332' title='bbox 3323 2354 3486 2412; x_wconf 78' lang='lat' dir='ltr'><strong>pmna</strong></span> <span class='ocrx_word' id='word_1_333' title='bbox 3531 2352 3659 2394; x_wconf 75' lang='lat' dir='ltr'><strong>ana-</strong></span> 
     </span>
    </p>
   </div>
   <div class='ocr_carea' id='block_1_54' title="bbox 2082 2433 2842 2491">
    <p class='ocr_par' dir='ltr' id='par_1_54' title="bbox 2082 2433 2842 2491">
     <span class='ocr_line' id='line_1_54' title="bbox 2082 2433 2842 2491; baseline 0.001 -3"><span class='ocrx_word' id='word_1_334' title='bbox 2082 2433 2347 2490; x_wconf 88' lang='lat' dir='ltr'><strong>thematis</strong></span> <span class='ocrx_word' id='word_1_335' title='bbox 2378 2435 2679 2491; x_wconf 89' lang='lat' dir='ltr'><strong>constituta</strong></span> <span class='ocrx_word' id='word_1_336' title='bbox 2718 2434 2842 2489; x_wconf 91' lang='lat' dir='ltr'><strong>fuit.</strong></span> 
     </span>
    </p>
   </div>
   <div class='ocr_carea' id='block_1_55' title="bbox 2085 2524 3671 2593">
    <p class='ocr_par' dir='ltr' id='par_1_55' title="bbox 2085 2524 3671 2593">
     <span class='ocr_line' id='line_1_55' title="bbox 2085 2524 3671 2593; baseline -0.001 -12"><span class='ocrx_word' id='word_1_337' title='bbox 2085 2525 2314 2582; x_wconf 78' lang='lat' dir='ltr'><strong>ARIST.</strong></span> <span class='ocrx_word' id='word_1_338' title='bbox 2388 2544 2407 2580; x_wconf 78' lang='grc' dir='ltr'><strong>ι</strong></span> <span class='ocrx_word' id='word_1_339' title='bbox 2459 2525 2564 2593; x_wconf 84' lang='lat' dir='ltr'><strong>Qui</strong></span> <span class='ocrx_word' id='word_1_340' title='bbox 2616 2526 2762 2583; x_wconf 92' lang='lat' dir='ltr'><strong>diem</strong></span> <span class='ocrx_word' id='word_1_341' title='bbox 2815 2525 3157 2583; x_wconf 89' lang='lat' dir='ltr'><strong>Dominicam</strong></span> <span class='ocrx_word' id='word_1_342' title='bbox 3211 2525 3298 2582; x_wconf 78' lang='lat' dir='ltr'><strong>vel</strong></span> <span class='ocrx_word' id='word_1_343' title='bbox 3357 2524 3671 2582; x_wconf 86' lang='lat' dir='ltr'><strong>Sabbatum</strong></span> 
     </span>
    </p>
   </div>
   <div class='ocr_carea' id='block_1_56' title="bbox 2128 2613 3336 2693">
    <p class='ocr_par' dir='ltr' id='par_1_56' title="bbox 2128 2613 3336 2693">
     <span class='ocr_line' id='line_1_56' title="bbox 2128 2613 3336 2693; baseline -0.002 -19"><span class='ocrx_word' id='word_1_344' title='bbox 2128 2613 2133 2618; x_wconf 80' lang='grc'><em>’</em></span> <span class='ocrx_word' id='word_1_345' title='bbox 2413 2640 2432 2674; x_wconf 76' lang='grc' dir='ltr'><strong>ι</strong></span> <span class='ocrx_word' id='word_1_346' title='bbox 2472 2619 2694 2692; x_wconf 86' lang='lat' dir='ltr'><strong>jejunus</strong></span> <span class='ocrx_word' id='word_1_347' title='bbox 2713 2622 2946 2693; x_wconf 78' lang='lat' dir='ltr'><strong>peragit,</strong></span> <span class='ocrx_word' id='word_1_348' title='bbox 2981 2621 3289 2676; x_wconf 82' lang='lat' dir='ltr'><strong>anathema.</strong></span> <span class='ocrx_word' id='word_1_349' title='bbox 3316 2636 3336 2672; x_wconf 74' lang='grc' dir='ltr'><strong>ι</strong></span> 
     </span>
    </p>
   </div>
   <div class='ocr_carea' id='block_1_57' title="bbox 2178 2711 3073 2783">
    <p class='ocr_par' dir='ltr' id='par_1_57' title="bbox 2178 2711 3073 2783">
     <span class='ocr_line' id='line_1_57' title="bbox 2178 2711 3073 2783; baseline -0.001 -15"><span class='ocrx_word' id='word_1_350' title='bbox 2178 2780 2179 2783; x_wconf 11' lang='grc' dir='ltr'><strong>γ</strong></span> <span class='ocrx_word' id='word_1_351' title='bbox 2650 2711 2883 2768; x_wconf 80' lang='lat' dir='ltr'><strong>CANON</strong></span> <span class='ocrx_word' id='word_1_352' title='bbox 2924 2711 3073 2767; x_wconf 84' lang='lat' dir='ltr'><strong>XIX.</strong></span> 
     </span>
    </p>
   </div>
   <div class='ocr_carea' id='block_1_58' title="bbox 2095 2802 3662 2876">
    <p class='ocr_par' dir='ltr' id='par_1_58' title="bbox 2095 2802 3662 2876">
     <span class='ocr_line' id='line_1_58' title="bbox 2095 2802 3662 2876; baseline 0.003 -20"><span class='ocrx_word' id='word_1_353' title='bbox 2095 2821 2113 2856; x_wconf 83' lang='grc' dir='ltr'><strong>ι</strong></span> <span class='ocrx_word' id='word_1_354' title='bbox 2156 2802 2215 2859; x_wconf 89' lang='lat' dir='ltr'><strong>Si</strong></span> <span class='ocrx_word' id='word_1_355' title='bbox 2267 2804 2393 2874; x_wconf 88' lang='lat' dir='ltr'><strong>quis</strong></span> <span class='ocrx_word' id='word_1_356' title='bbox 2440 2819 2654 2868; x_wconf 86' lang='lat' dir='ltr'><strong>eorum,</strong></span> <span class='ocrx_word' id='word_1_357' title='bbox 2686 2806 2779 2875; x_wconf 87' lang='lat' dir='ltr'><strong>qui</strong></span> <span class='ocrx_word' id='word_1_358' title='bbox 2811 2812 3162 2872; x_wconf 82' lang='lat' dir='ltr'><strong>exercentur,</strong></span> <span class='ocrx_word' id='word_1_359' title='bbox 3199 2805 3413 2876; x_wconf 87' lang='lat' dir='ltr'><strong>absque</strong></span> <span class='ocrx_word' id='word_1_360' title='bbox 3458 2818 3662 2875; x_wconf 89' lang='lat' dir='ltr'><strong>corpo—</strong></span> 
     </span>
    </p>
   </div>
   <div class='ocr_carea' id='block_1_59' title="bbox 2165 2884 3668 2967">
    <p class='ocr_par' dir='ltr' id='par_1_59' title="bbox 2165 2884 3668 2967">
     <span class='ocr_line' id='line_1_59' title="bbox 2165 2884 3668 2967; baseline 0 -20"><span class='ocrx_word' id='word_1_361' title='bbox 2165 2911 2185 2946; x_wconf 77' lang='lat' dir='ltr'><strong>t</strong></span> <span class='ocrx_word' id='word_1_362' title='bbox 2228 2895 2328 2949; x_wconf 89' lang='lat' dir='ltr'><strong>rali</strong></span> <span class='ocrx_word' id='word_1_363' title='bbox 2379 2884 2710 2951; x_wconf 84' lang='lat' dir='ltr'><strong>necessitate</strong></span> <span class='ocrx_word' id='word_1_364' title='bbox 2742 2911 2802 2951; x_wconf 89' lang='lat' dir='ltr'><strong>se</strong></span> <span class='ocrx_word' id='word_1_365' title='bbox 2834 2896 3135 2952; x_wconf 86' lang='lat' dir='ltr'><strong>insolenter</strong></span> <span class='ocrx_word' id='word_1_366' title='bbox 3164 2906 3339 2967; x_wconf 85' lang='lat' dir='ltr'><strong>gerat,</strong></span> <span class='ocrx_word' id='word_1_367' title='bbox 3376 2903 3430 2951; x_wconf 91' lang='lat' dir='ltr'><strong>et</strong></span> <span class='ocrx_word' id='word_1_368' title='bbox 3470 2896 3668 2952; x_wconf 80' lang='lat' dir='ltr'><strong>tradita</strong></span> 
     </span>
    </p>
   </div>
   <div class='ocr_carea' id='block_1_60' title="bbox 2166 2985 3660 3056">
    <p class='ocr_par' dir='ltr' id='par_1_60' title="bbox 2166 2985 3660 3056">
     <span class='ocr_line' id='line_1_60' title="bbox 2166 2985 3660 3056; baseline 0.004 -18"><span class='ocrx_word' id='word_1_369' title='bbox 2166 3002 2186 3038; x_wconf 75' lang='grc' dir='ltr'><strong>ι</strong></span> <span class='ocrx_word' id='word_1_370' title='bbox 2224 2985 2460 3056; x_wconf 87' lang='lat' dir='ltr'><strong>jejunia,</strong></span> <span class='ocrx_word' id='word_1_371' title='bbox 2492 3002 2615 3055; x_wconf 79' lang='lat' dir='ltr'><strong>quae</strong></span> <span class='ocrx_word' id='word_1_372' title='bbox 2647 2988 3015 3042; x_wconf 88' lang='lat' dir='ltr'><strong>communiter</strong></span> <span class='ocrx_word' id='word_1_373' title='bbox 3049 2995 3346 3043; x_wconf 74' lang='lat' dir='ltr'><strong>servantur</strong></span> <span class='ocrx_word' id='word_1_374' title='bbox 3385 2988 3454 3043; x_wconf 90' lang='lat' dir='ltr'><strong>ab</strong></span> <span class='ocrx_word' id='word_1_375' title='bbox 3486 2987 3660 3044; x_wconf 88' lang='lat' dir='ltr'><strong>Eccle-</strong></span> 
     </span>
    </p>
   </div>
   <div class='ocr_carea' id='block_1_61' title="bbox 2171 3079 3668 3150">
    <p class='ocr_par' dir='ltr' id='par_1_61' title="bbox 2171 3079 3668 3150">
     <span class='ocr_line' id='line_1_61' title="bbox 2171 3079 3668 3150; baseline 0.004 -20"><span class='ocrx_word' id='word_1_376' title='bbox 2171 3097 2190 3130; x_wconf 74' lang='grc' dir='ltr'><strong>ι</strong></span> <span class='ocrx_word' id='word_1_377' title='bbox 2222 3079 2326 3144; x_wconf 91' lang='lat' dir='ltr'><strong>sia,</strong></span> <span class='ocrx_word' id='word_1_378' title='bbox 2359 3080 2645 3145; x_wconf 77' lang='lat' dir='ltr'><strong>dissolvat,</strong></span> <span class='ocrx_word' id='word_1_379' title='bbox 2682 3079 2922 3150; x_wconf 84' lang='lat' dir='ltr'><strong>perfecta</strong></span> <span class='ocrx_word' id='word_1_380' title='bbox 2952 3082 3005 3135; x_wconf 89' lang='lat' dir='ltr'><strong>in</strong></span> <span class='ocrx_word' id='word_1_381' title='bbox 3036 3095 3102 3135; x_wconf 89' lang='lat' dir='ltr'><strong>eo</strong></span> <span class='ocrx_word' id='word_1_382' title='bbox 3131 3080 3405 3136; x_wconf 86' lang='lat' dir='ltr'><strong>residente</strong></span> <span class='ocrx_word' id='word_1_383' title='bbox 3433 3082 3668 3145; x_wconf 82' lang='lat' dir='ltr'><strong>ratione,</strong></span> 
     </span>
    </p>
   </div>
   <div class='ocr_carea' id='block_1_62' title="bbox 2168 3170 2704 3225">
    <p class='ocr_par' dir='ltr' id='par_1_62' title="bbox 2168 3170 2704 3225">
     <span class='ocr_line' id='line_1_62' title="bbox 2168 3170 2704 3225; baseline 0 -3"><span class='ocrx_word' id='word_1_384' title='bbox 2168 3188 2188 3221; x_wconf 73' lang='grc' dir='ltr'><strong>ε</strong></span> <span class='ocrx_word' id='word_1_385' title='bbox 2228 3170 2299 3224; x_wconf 89' lang='lat' dir='ltr'><strong>sit</strong></span> <span class='ocrx_word' id='word_1_386' title='bbox 2330 3170 2643 3225; x_wconf 86' lang='lat' dir='ltr'><strong>anathema.</strong></span> <span class='ocrx_word' id='word_1_387' title='bbox 2685 3189 2704 3222; x_wconf 75' lang='grc' dir='ltr'><strong>ι</strong></span> 
     </span>
    </p>
   </div>
   <div class='ocr_carea' id='block_1_63' title="bbox 472 3230 1979 3336">
    <p class='ocr_par' dir='ltr' id='par_1_63' title="bbox 472 3230 1979 3336">
     <span class='ocr_line' id='line_1_63' title="bbox 472 3230 1979 3336; baseline 0.001 -19"><span class='ocrx_word' id='word_1_388' title='bbox 472 3230 675 3318; x_wconf 41' lang='grc' dir='ltr'><strong>ΒΑΛΣΣ</strong></span> <span class='ocrx_word' id='word_1_389' title='bbox 710 3264 933 3336; x_wconf 80' lang='grc' dir='ltr'><strong>Αἵρεσις</strong></span> <span class='ocrx_word' id='word_1_390' title='bbox 958 3230 1290 3336; x_wconf 23' lang='grc' dir='ltr'><strong>Βόγομιλιγκή</strong></span> <span class='ocrx_word' id='word_1_391' title='bbox 1318 3230 1467 3319; x_wconf 77' lang='grc' dir='ltr'><strong>ἐστιν</strong></span> <span class='ocrx_word' id='word_1_392' title='bbox 1491 3266 1583 3318; x_wconf 77' lang='grc' dir='ltr'><strong>ἐπί</strong></span> <span class='ocrx_word' id='word_1_393' title='bbox 1648 3266 1802 3328; x_wconf 79' lang='grc' dir='ltr'><strong>τινας</strong></span> <span class='ocrx_word' id='word_1_394' title='bbox 1849 3263 1979 3335; x_wconf 81' lang='grc' dir='ltr'><strong>χρό-</strong></span> 
     </span>
    </p>
   </div>
   <div class='ocr_carea' id='block_1_64' title="bbox 2084 3230 3644 3336">
    <p class='ocr_par' dir='ltr' id='par_1_64' title="bbox 2163 3261 3644 3333">
     <span class='ocr_line' id='line_1_64' title="bbox 2163 3261 3644 3333; baseline 0.001 -19"><span class='ocrx_word' id='word_1_395' title='bbox 2163 3261 2355 3318; x_wconf 81' lang='lat' dir='ltr'><strong>BALS.</strong></span> <span class='ocrx_word' id='word_1_396' title='bbox 2395 3262 2733 3333; x_wconf 79' lang='lat' dir='ltr'><strong>Bogomclica</strong></span> <span class='ocrx_word' id='word_1_397' title='bbox 2766 3272 2850 3319; x_wconf 90' lang='lat' dir='ltr'><strong>est</strong></span> <span class='ocrx_word' id='word_1_398' title='bbox 2882 3263 3129 3328; x_wconf 65' lang='lat' dir='ltr'><strong>haeresis,</strong></span> <span class='ocrx_word' id='word_1_399' title='bbox 3164 3263 3233 3317; x_wconf 85' lang='lat' dir='ltr'><strong>ad</strong></span> <span class='ocrx_word' id='word_1_400' title='bbox 3276 3261 3498 3333; x_wconf 90' lang='lat' dir='ltr'><strong>aliquod</strong></span> <span class='ocrx_word' id='word_1_401' title='bbox 3534 3271 3644 3316; x_wconf 91' lang='lat' dir='ltr'><strong>tem</strong></span> 
     </span>
    </p>
   </div>
   <div class='ocr_carea' id='block_1_65' title="bbox 405 3358 1969 3430">
    <p class='ocr_par' dir='ltr' id='par_1_65' title="bbox 405 3358 1969 3430">
     <span class='ocr_line' id='line_1_65' title="bbox 405 3358 1969 3430; baseline 0.001 -21"><span class='ocrx_word' id='word_1_402' title='bbox 405 3374 531 3421; x_wconf 90' lang='grc' dir='ltr'><strong>νους</strong></span> <span class='ocrx_word' id='word_1_403' title='bbox 560 3358 703 3411; x_wconf 77' lang='grc' dir='ltr'><strong>κατὰ</strong></span> <span class='ocrx_word' id='word_1_404' title='bbox 767 3359 950 3427; x_wconf 75' lang='grc' dir='ltr'><strong>πᾶσαν</strong></span> <span class='ocrx_word' id='word_1_405' title='bbox 982 3359 1194 3430; x_wconf 80' lang='grc' dir='ltr'><strong>ἡμέραν</strong></span> <span class='ocrx_word' id='word_1_406' title='bbox 1228 3358 1511 3428; x_wconf 84' lang='grc' dir='ltr'><strong>νηστεύειν</strong></span> <span class='ocrx_word' id='word_1_407' title='bbox 1550 3360 1642 3411; x_wconf 72' lang='grc' dir='ltr'><strong>καὶ</strong></span> <span class='ocrx_word' id='word_1_408' title='bbox 1696 3360 1969 3428; x_wconf 81' lang='grc' dir='ltr'><strong>μηδέποτε</strong></span> 
     </span>
    </p>
   </div>
   <div class='ocr_carea' id='block_1_66' title="bbox 404 3449 1981 3522">
    <p class='ocr_par' dir='ltr' id='par_1_66' title="bbox 404 3449 1981 3522">
     <span class='ocr_line' id='line_1_66' title="bbox 404 3449 1981 3522; baseline -0.001 -20"><span class='ocrx_word' id='word_1_409' title='bbox 404 3449 719 3516; x_wconf 73' lang='grc' dir='ltr'><strong>καταλύειν,</strong></span> <span class='ocrx_word' id='word_1_410' title='bbox 747 3450 824 3514; x_wconf 85' lang='grc' dir='ltr'><strong>ὡς</strong></span> <span class='ocrx_word' id='word_1_411' title='bbox 857 3452 997 3521; x_wconf 69' lang='grc' dir='ltr'><strong>μετὰ</strong></span> <span class='ocrx_word' id='word_1_412' title='bbox 1027 3453 1119 3504; x_wconf 82' lang='grc' dir='ltr'><strong>τὸν</strong></span> <span class='ocrx_word' id='word_1_413' title='bbox 1154 3450 1413 3504; x_wconf 80' lang='grc' dir='ltr'><strong>τοσοῦτον</strong></span> <span class='ocrx_word' id='word_1_414' title='bbox 1455 3451 1647 3522; x_wconf 72' lang='grc' dir='ltr'><strong>καιρὸν</strong></span> <span class='ocrx_word' id='word_1_415' title='bbox 1699 3450 1881 3518; x_wconf 82' lang='grc' dir='ltr'><strong>λέγειν</strong></span> <span class='ocrx_word' id='word_1_416' title='bbox 1924 3452 1981 3502; x_wconf 72' lang='grc' dir='ltr'><strong>ὲν</strong></span> 
     </span>
    </p>
   </div>
   <div class='ocr_carea' id='block_1_67' title="bbox 400 3542 1983 3614">
    <p class='ocr_par' dir='ltr' id='par_1_67' title="bbox 400 3542 1983 3614">
     <span class='ocr_line' id='line_1_67' title="bbox 400 3542 1983 3614; baseline 0 -20"><span class='ocrx_word' id='word_1_417' title='bbox 400 3542 700 3611; x_wconf 83' lang='grc' dir='ltr'><strong>τελείοτητι</strong></span> <span class='ocrx_word' id='word_1_418' title='bbox 724 3544 981 3613; x_wconf 88' lang='grc' dir='ltr'><strong>γενέσθαι</strong></span> <span class='ocrx_word' id='word_1_419' title='bbox 1005 3544 1132 3605; x_wconf 79' lang='grc' dir='ltr'><strong>τοὺς</strong></span> <span class='ocrx_word' id='word_1_420' title='bbox 1154 3542 1540 3614; x_wconf 83' lang='grc' dir='ltr'><strong>νηστεύοντας,</strong></span> <span class='ocrx_word' id='word_1_421' title='bbox 1570 3544 1664 3597; x_wconf 72' lang='grc' dir='ltr'><strong>καὶ</strong></span> <span class='ocrx_word' id='word_1_422' title='bbox 1691 3542 1983 3597; x_wconf 86' lang='grc' dir='ltr'><strong>καταλύειν</strong></span> 
     </span>
    </p>
   </div>
   <div class='ocr_carea' id='block_1_68' title="bbox 402 3632 1983 3707">
    <p class='ocr_par' dir='ltr' id='par_1_68' title="bbox 402 3632 1983 3707">
     <span class='ocr_line' id='line_1_68' title="bbox 402 3632 1983 3707; baseline -0.001 -20"><span class='ocrx_word' id='word_1_423' title='bbox 402 3635 500 3687; x_wconf 73' lang='grc' dir='ltr'><strong>καὶ</strong></span> <span class='ocrx_word' id='word_1_424' title='bbox 540 3636 882 3707; x_wconf 79' lang='grc' dir='ltr'><strong>ἁμαρτάνειν</strong></span> <span class='ocrx_word' id='word_1_425' title='bbox 906 3635 1241 3705; x_wconf 73' lang='grc' dir='ltr'><strong>ἀδιαφόρως,</strong></span> <span class='ocrx_word' id='word_1_426' title='bbox 1266 3636 1360 3687; x_wconf 71' lang='grc' dir='ltr'><strong>καὶ</strong></span> <span class='ocrx_word' id='word_1_427' title='bbox 1392 3636 1575 3688; x_wconf 81' lang='grc' dir='ltr'><strong>πᾶσαν</strong></span> <span class='ocrx_word' id='word_1_428' title='bbox 1632 3635 1833 3687; x_wconf 74' lang='grc' dir='ltr'><strong>κακίαν</strong></span> <span class='ocrx_word' id='word_1_429' title='bbox 1894 3632 1983 3685; x_wconf 70' lang='grc' dir='ltr'><strong>διὰ</strong></span> 
     </span>
    </p>
   </div>
   <div class='ocr_carea' id='block_1_69' title="bbox 404 3725 1979 3796">
    <p class='ocr_par' dir='ltr' id='par_1_69' title="bbox 404 3725 1979 3796">
     <span class='ocr_line' id='line_1_69' title="bbox 404 3725 1979 3796; baseline -0.002 -16"><span class='ocrx_word' id='word_1_430' title='bbox 404 3730 506 3795; x_wconf 74' lang='grc' dir='ltr'><strong>τῆς</strong></span> <span class='ocrx_word' id='word_1_431' title='bbox 578 3728 916 3796; x_wconf 77' lang='grc' dir='ltr'><strong>τελειότητος</strong></span> <span class='ocrx_word' id='word_1_432' title='bbox 973 3727 1046 3791; x_wconf 82' lang='grc' dir='ltr'><strong>ὡς</strong></span> <span class='ocrx_word' id='word_1_433' title='bbox 1096 3726 1201 3779; x_wconf 83' lang='grc' dir='ltr'>ὑπὸ</span> <span class='ocrx_word' id='word_1_434' title='bbox 1301 3727 1473 3796; x_wconf 79' lang='grc' dir='ltr'><strong>πυρὸς</strong></span> <span class='ocrx_word' id='word_1_435' title='bbox 1559 3725 1979 3777; x_wconf 78' lang='grc' dir='ltr'><strong>κατακαίεσοαι.</strong></span> 
     </span>
    </p>
   </div>
   <div class='ocr_carea' id='block_1_70' title="bbox 406 3815 1983 3885">
    <p class='ocr_par' dir='ltr' id='par_1_70' title="bbox 406 3815 1983 3885">
     <span class='ocr_line' id='line_1_70' title="bbox 406 3815 1983 3885; baseline -0.003 -12"><span class='ocrx_word' id='word_1_436' title='bbox 406 3819 647 3873; x_wconf 83' lang='grc' dir='ltr'><strong>Τοιαῦτα</strong></span> <span class='ocrx_word' id='word_1_437' title='bbox 673 3818 803 3885; x_wconf 78' lang='grc' dir='ltr'><strong>γοῦν</strong></span> <span class='ocrx_word' id='word_1_438' title='bbox 831 3819 1134 3877; x_wconf 81' lang='grc' dir='ltr'><strong>ἐδίδασκον,</strong></span> <span class='ocrx_word' id='word_1_439' title='bbox 1166 3819 1240 3881; x_wconf 83' lang='grc' dir='ltr'><strong>ὡς</strong></span> <span class='ocrx_word' id='word_1_440' title='bbox 1277 3817 1450 3881; x_wconf 72' lang='grc' dir='ltr'><strong>ἔοικε,</strong></span> <span class='ocrx_word' id='word_1_441' title='bbox 1520 3816 1616 3869; x_wconf 80' lang='grc' dir='ltr'><strong>καὶ</strong></span> <span class='ocrx_word' id='word_1_442' title='bbox 1655 3816 1705 3869; x_wconf 75' lang='lat' dir='ltr'><strong>oi</strong></span> <span class='ocrx_word' id='word_1_443' title='bbox 1742 3816 1871 3883; x_wconf 73' lang='grc' dir='ltr'><strong>περὶ</strong></span> <span class='ocrx_word' id='word_1_444' title='bbox 1892 3815 1983 3869; x_wconf 65' lang='grc' dir='ltr'><strong>τὸν</strong></span> 
     </span>
    </p>
   </div>
   <div class='ocr_carea' id='block_1_71' title="bbox 405 3907 1985 3979">
    <p class='ocr_par' dir='ltr' id='par_1_71' title="bbox 405 3907 1985 3979">
     <span class='ocr_line' id='line_1_71' title="bbox 405 3907 1985 3979; baseline -0.004 -13"><span class='ocrx_word' id='word_1_445' title='bbox 405 3911 744 3967; x_wconf 78' lang='grc' dir='ltr'><strong>Εύστάθιονο</strong></span> <span class='ocrx_word' id='word_1_446' title='bbox 778 3912 858 3965; x_wconf 76' lang='grc' dir='ltr'><strong>διὸ</strong></span> <span class='ocrx_word' id='word_1_447' title='bbox 903 3917 997 3965; x_wconf 79' lang='grc' dir='ltr'><strong>καὶ</strong></span> <span class='ocrx_word' id='word_1_448' title='bbox 1065 3908 1595 3979; x_wconf 84' lang='grc' dir='ltr'><strong>ἀνεθεματίσθησαν.</strong></span> <span class='ocrx_word' id='word_1_449' title='bbox 1663 3907 1985 3974; x_wconf 76' lang='grc' dir='ltr'><strong>Ὀφείλομεν</strong></span> 
     </span>
    </p>
   </div>
   <div class='ocr_carea' id='block_1_72' title="bbox 410 3998 1986 4077">
    <p class='ocr_par' dir='ltr' id='par_1_72' title="bbox 410 3998 1986 4077">
     <span class='ocr_line' id='line_1_72' title="bbox 410 3998 1986 4077; baseline -0.006 -18"><span class='ocrx_word' id='word_1_450' title='bbox 410 4006 516 4077; x_wconf 81' lang='grc' dir='ltr'><strong>γάρ</strong></span> <span class='ocrx_word' id='word_1_451' title='bbox 547 4007 595 4058; x_wconf 77' lang='lat' dir='ltr'><strong>oi</strong></span> <span class='ocrx_word' id='word_1_452' title='bbox 620 4005 806 4058; x_wconf 75' lang='grc' dir='ltr'><strong>πιστοὶ</strong></span> <span class='ocrx_word' id='word_1_453' title='bbox 849 4002 1134 4075; x_wconf 87' lang='grc' dir='ltr'><strong>νηστεύειν</strong></span> <span class='ocrx_word' id='word_1_454' title='bbox 1186 4002 1324 4055; x_wconf 85' lang='grc' dir='ltr'><strong>κατά</strong></span> <span class='ocrx_word' id='word_1_455' title='bbox 1382 4002 1481 4062; x_wconf 74' lang='grc' dir='ltr'><strong>τὰς</strong></span> <span class='ocrx_word' id='word_1_456' title='bbox 1543 3998 1986 4069; x_wconf 78' lang='grc' dir='ltr'><strong>παραδεδομένας</strong></span> 
     </span>
    </p>
   </div>
   <div class='ocr_carea' id='block_1_73' title="bbox 403 4090 1986 4169">
    <p class='ocr_par' dir='ltr' id='par_1_73' title="bbox 403 4090 1986 4169">
     <span class='ocr_line' id='line_1_73' title="bbox 403 4090 1986 4169; baseline -0.008 -16"><span class='ocrx_word' id='word_1_457' title='bbox 403 4100 677 4167; x_wconf 85' lang='grc' dir='ltr'><strong>νηστείας,</strong></span> <span class='ocrx_word' id='word_1_458' title='bbox 713 4099 833 4169; x_wconf 73' lang='grc' dir='ltr'><strong>ἢτοι</strong></span> <span class='ocrx_word' id='word_1_459' title='bbox 858 4096 1128 4165; x_wconf 85' lang='grc' dir='ltr'><strong>Τετράδα,</strong></span> <span class='ocrx_word' id='word_1_460' title='bbox 1163 4094 1257 4146; x_wconf 75' lang='grc' dir='ltr'><strong>καὶ</strong></span> <span class='ocrx_word' id='word_1_461' title='bbox 1289 4095 1388 4164; x_wconf 82' lang='grc' dir='ltr'><strong>τὴν</strong></span> <span class='ocrx_word' id='word_1_462' title='bbox 1445 4093 1832 4163; x_wconf 84' lang='grc' dir='ltr'><strong>Παρασκευὴν,</strong></span> <span class='ocrx_word' id='word_1_463' title='bbox 1886 4090 1986 4160; x_wconf 81' lang='grc' dir='ltr'><strong>τὴν</strong></span> 
     </span>
    </p>
   </div>
   <div class='ocr_carea' id='block_1_74' title="bbox 408 4181 1983 4263">
    <p class='ocr_par' dir='ltr' id='par_1_74' title="bbox 408 4181 1983 4263">
     <span class='ocr_line' id='line_1_74' title="bbox 408 4181 1983 4263; baseline -0.007 -18"><span class='ocrx_word' id='word_1_464' title='bbox 408 4192 656 4263; x_wconf 83' lang='grc' dir='ltr'><strong>μεγάλην</strong></span> <span class='ocrx_word' id='word_1_465' title='bbox 696 4185 1161 4259; x_wconf 76' lang='grc' dir='ltr'><strong>Τεσσαρακοστὴν</strong></span> <span class='ocrx_word' id='word_1_466' title='bbox 1186 4189 1282 4238; x_wconf 70' lang='grc' dir='ltr'><strong>καὶ</strong></span> <span class='ocrx_word' id='word_1_467' title='bbox 1310 4186 1413 4247; x_wconf 83' lang='grc' dir='ltr'><strong>τάς</strong></span> <span class='ocrx_word' id='word_1_468' title='bbox 1450 4183 1649 4246; x_wconf 67' lang='grc' dir='ltr'><strong>λοιπάς</strong></span> <span class='ocrx_word' id='word_1_469' title='bbox 1707 4181 1983 4252; x_wconf 74' lang='grc' dir='ltr'><strong>νηστείας,</strong></span> 
     </span>
    </p>
   </div>
   <div class='ocr_carea' id='block_1_75' title="bbox 406 4272 1988 4351">
    <p class='ocr_par' dir='ltr' id='par_1_75' title="bbox 406 4272 1988 4351">
     <span class='ocr_line' id='line_1_75' title="bbox 406 4272 1988 4351; baseline -0.009 -13"><span class='ocrx_word' id='word_1_470' title='bbox 406 4284 504 4339; x_wconf 76' lang='grc' dir='ltr'><strong>καὶ</strong></span> <span class='ocrx_word' id='word_1_471' title='bbox 530 4283 689 4345; x_wconf 74' lang='grc' dir='ltr'><strong>αὖθις</strong></span> <span class='ocrx_word' id='word_1_472' title='bbox 719 4279 1119 4351; x_wconf 76' lang='grc' dir='ltr'><strong>πανηγυρίζειν</strong></span> <span class='ocrx_word' id='word_1_473' title='bbox 1151 4277 1294 4331; x_wconf 83' lang='grc' dir='ltr'><strong>κατά</strong></span> <span class='ocrx_word' id='word_1_474' title='bbox 1328 4276 1428 4340; x_wconf 80' lang='grc' dir='ltr'><strong>τὰς</strong></span> <span class='ocrx_word' id='word_1_475' title='bbox 1456 4274 1818 4345; x_wconf 79' lang='grc' dir='ltr'><strong>ἑορτασίμους</strong></span> <span class='ocrx_word' id='word_1_476' title='bbox 1848 4272 1988 4343; x_wconf 80' lang='grc' dir='ltr'><strong>ἠμέ-</strong></span> 
     </span>
    </p>
   </div>
   <div class='ocr_carea' id='block_1_76' title="bbox 413 4364 1985 4449">
    <p class='ocr_par' dir='ltr' id='par_1_76' title="bbox 413 4364 1985 4449">
     <span class='ocr_line' id='line_1_76' title="bbox 413 4364 1985 4449; baseline -0.008 -19"><span class='ocrx_word' id='word_1_477' title='bbox 413 4394 534 4449; x_wconf 86' lang='grc' dir='ltr'><strong>ρας,</strong></span> <span class='ocrx_word' id='word_1_478' title='bbox 564 4376 611 4428; x_wconf 86' lang='grc' dir='ltr'><strong>εί</strong></span> <span class='ocrx_word' id='word_1_479' title='bbox 651 4374 817 4446; x_wconf 85' lang='grc' dir='ltr'><strong>μήπω</strong></span> <span class='ocrx_word' id='word_1_480' title='bbox 846 4372 935 4425; x_wconf 79' lang='grc' dir='ltr'><strong>διὰ</strong></span> <span class='ocrx_word' id='word_1_481' title='bbox 956 4372 1112 4424; x_wconf 88' lang='grc' dir='ltr'><strong>νόσον</strong></span> <span class='ocrx_word' id='word_1_482' title='bbox 1164 4369 1473 4422; x_wconf 80' lang='grc' dir='ltr'><strong>καταλῦσαι</strong></span> <span class='ocrx_word' id='word_1_483' title='bbox 1525 4364 1985 4435; x_wconf 78' lang='grc' dir='ltr'><strong>ἀναγκασθῶμεν.</strong></span> 
     </span>
    </p>
   </div>
   <div class='ocr_carea' id='block_1_77' title="bbox 409 4458 1987 4538">
    <p class='ocr_par' dir='ltr' id='par_1_77' title="bbox 409 4458 1987 4538">
     <span class='ocr_line' id='line_1_77' title="bbox 409 4458 1987 4538; baseline -0.008 -15"><span class='ocrx_word' id='word_1_484' title='bbox 409 4470 535 4523; x_wconf 77' lang='grc' dir='ltr'><strong>Ὀτι</strong></span> <span class='ocrx_word' id='word_1_485' title='bbox 560 4468 699 4538; x_wconf 63' lang='grc' dir='ltr'><strong>φησι</strong></span> <span class='ocrx_word' id='word_1_486' title='bbox 722 4468 817 4521; x_wconf 71' lang='grc' dir='ltr'><strong>καὶ</strong></span> <span class='ocrx_word' id='word_1_487' title='bbox 851 4467 879 4518; x_wconf 86' lang='grc' dir='ltr'><strong>ό</strong></span> <span class='ocrx_word' id='word_1_488' title='bbox 911 4462 985 4530; x_wconf 69' lang='lat' dir='ltr'><strong>EB’</strong></span> <span class='ocrx_word' id='word_1_489' title='bbox 1016 4462 1373 4525; x_wconf 79' lang='grc' dir='ltr'><strong>ἁποστολικδς</strong></span> <span class='ocrx_word' id='word_1_490' title='bbox 1403 4460 1606 4526; x_wconf 88' lang='grc' dir='ltr'><strong>κανὼν,</strong></span> <span class='ocrx_word' id='word_1_491' title='bbox 1639 4458 1781 4513; x_wconf 83' lang='grc' dir='ltr'><strong>κατά</strong></span> <span class='ocrx_word' id='word_1_492' title='bbox 1808 4460 1987 4511; x_wconf 70' lang='grc' dir='ltr'><strong>πᾶσαν</strong></span> 
     </span>
    </p>
   </div>
   <div class='ocr_carea' id='block_1_78' title="bbox 408 4549 1987 4631">
    <p class='ocr_par' dir='ltr' id='par_1_78' title="bbox 408 4549 1987 4631">
     <span class='ocr_line' id='line_1_78' title="bbox 408 4549 1987 4631; baseline -0.008 -18"><span class='ocrx_word' id='word_1_493' title='bbox 408 4559 658 4631; x_wconf 84' lang='grc' dir='ltr'><strong>Τετράδα</strong></span> <span class='ocrx_word' id='word_1_494' title='bbox 701 4559 797 4611; x_wconf 69' lang='grc' dir='ltr'><strong>καὶ</strong></span> <span class='ocrx_word' id='word_1_495' title='bbox 825 4557 1189 4627; x_wconf 79' lang='grc' dir='ltr'><strong>Παρασκευὴν</strong></span> <span class='ocrx_word' id='word_1_496' title='bbox 1219 4555 1311 4607; x_wconf 76' lang='grc' dir='ltr'><strong>καὶ</strong></span> <span class='ocrx_word' id='word_1_497' title='bbox 1360 4554 1461 4621; x_wconf 82' lang='grc' dir='ltr'><strong>τὴν</strong></span> <span class='ocrx_word' id='word_1_498' title='bbox 1541 4549 1987 4619; x_wconf 84' lang='grc' dir='ltr'><strong>τεσσαρακοστὴν</strong></span> 
     </span>
    </p>
   </div>
   <div class='ocr_carea' id='block_1_79' title="bbox 409 4645 1989 4721">
    <p class='ocr_par' dir='ltr' id='par_1_79' title="bbox 409 4645 1989 4721">
     <span class='ocr_line' id='line_1_79' title="bbox 409 4645 1989 4721; baseline -0.006 -17"><span class='ocrx_word' id='word_1_499' title='bbox 409 4651 505 4705; x_wconf 82' lang='grc' dir='ltr'><strong>τοῦ</strong></span> <span class='ocrx_word' id='word_1_500' title='bbox 538 4653 732 4721; x_wconf 81' lang='grc' dir='ltr'><strong>Πάσχα</strong></span> <span class='ocrx_word' id='word_1_501' title='bbox 775 4649 849 4720; x_wconf 84' lang='grc' dir='ltr'><strong>μὴ</strong></span> <span class='ocrx_word' id='word_1_502' title='bbox 876 4648 1170 4702; x_wconf 85' lang='grc' dir='ltr'><strong>καταλύειν</strong></span> <span class='ocrx_word' id='word_1_503' title='bbox 1204 4648 1374 4717; x_wconf 77' lang='grc' dir='ltr'><strong>ἡμᾶς,</strong></span> <span class='ocrx_word' id='word_1_504' title='bbox 1405 4647 1457 4698; x_wconf 79' lang='grc' dir='ltr'><strong>εἰ</strong></span> <span class='ocrx_word' id='word_1_505' title='bbox 1492 4645 1566 4716; x_wconf 85' lang='grc' dir='ltr'><strong>μὴ</strong></span> <span class='ocrx_word' id='word_1_506' title='bbox 1606 4645 1673 4699; x_wconf 78' lang='grc' dir='ltr'><strong>δι’</strong></span> <span class='ocrx_word' id='word_1_507' title='bbox 1702 4645 1989 4698; x_wconf 83' lang='grc' dir='ltr'><strong>ἀσθένειαν</strong></span> 
     </span>
    </p>
   </div>
   <div class='ocr_carea' id='block_1_80' title="bbox 411 4743 751 4815">
    <p class='ocr_par' dir='ltr' id='par_1_80' title="bbox 411 4743 751 4815">
     <span class='ocr_line' id='line_1_80' title="bbox 411 4743 751 4815; baseline 0.003 -19"><span class='ocrx_word' id='word_1_508' title='bbox 411 4743 751 4815; x_wconf 77' lang='grc' dir='ltr'><strong>σωματικήν.</strong></span> 
     </span>
    </p>
   </div>
   <div class='ocr_carea' id='block_1_81' title="bbox 481 4831 1993 4903">
    <p class='ocr_par' dir='ltr' id='par_1_81' title="bbox 481 4831 1993 4903">
     <span class='ocr_line' id='line_1_81' title="bbox 481 4831 1993 4903; baseline -0.008 -14"><span class='ocrx_word' id='word_1_509' title='bbox 481 4835 727 4889; x_wconf 72' lang='grc' dir='ltr'><strong>ΖΩΝΔΡ.</strong></span> <span class='ocrx_word' id='word_1_510' title='bbox 772 4833 830 4887; x_wconf 87' lang='grc' dir='ltr'>Ὀ</span> <span class='ocrx_word' id='word_1_511' title='bbox 860 4831 1221 4892; x_wconf 63' lang='grc' dir='ltr'><strong>ἀποστολικὲς</strong></span> <span class='ocrx_word' id='word_1_512' title='bbox 1242 4831 1538 4901; x_wconf 75' lang='grc' dir='ltr'><strong>ἐξηκοστδς</strong></span> <span class='ocrx_word' id='word_1_513' title='bbox 1591 4832 1853 4903; x_wconf 73' lang='grc' dir='ltr'><strong>τέταρτος</strong></span> <span class='ocrx_word' id='word_1_514' title='bbox 1887 4853 1993 4889; x_wconf 75' lang='grc' dir='ltr'><strong>κα-</strong></span> 
     </span>
    </p>
   </div>
   <div class='ocr_carea' id='block_1_82' title="bbox 414 4921 1994 4996">
    <p class='ocr_par' dir='ltr' id='par_1_82' title="bbox 414 4921 1994 4996">
     <span class='ocr_line' id='line_1_82' title="bbox 414 4921 1994 4996; baseline -0.001 -17"><span class='ocrx_word' id='word_1_515' title='bbox 414 4926 523 4980; x_wconf 87' lang='grc' dir='ltr'><strong>νὼν</strong></span> <span class='ocrx_word' id='word_1_516' title='bbox 550 4924 709 4978; x_wconf 84' lang='grc' dir='ltr'><strong>τοῦτο</strong></span> <span class='ocrx_word' id='word_1_517' title='bbox 747 4923 931 4994; x_wconf 77' lang='grc' dir='ltr'><strong>ῥητῶς</strong></span> <span class='ocrx_word' id='word_1_518' title='bbox 972 4938 1138 4992; x_wconf 84' lang='grc' dir='ltr'><strong>φησιν</strong></span> <span class='ocrx_word' id='word_1_519' title='bbox 1166 4937 1182 4954; x_wconf 89' lang='grc'><strong>·</strong></span> <span class='ocrx_word' id='word_1_520' title='bbox 1218 4921 1286 4975; x_wconf 83' lang='lat' dir='ltr'><strong>Ei’</strong></span> <span class='ocrx_word' id='word_1_521' title='bbox 1314 4939 1397 4984; x_wconf 91' lang='grc' dir='ltr'><strong>τις</strong></span> <span class='ocrx_word' id='word_1_522' title='bbox 1438 4922 1699 4991; x_wconf 75' lang='grc' dir='ltr'><strong>κληρικδς</strong></span> <span class='ocrx_word' id='word_1_523' title='bbox 1744 4925 1994 4996; x_wconf 80' lang='grc' dir='ltr'><strong>εύρεθεὶη</strong></span> 
     </span>
    </p>
   </div>
   <div class='ocr_carea' id='block_1_83' title="bbox 415 5013 1992 5089">
    <p class='ocr_par' dir='ltr' id='par_1_83' title="bbox 415 5013 1992 5089">
     <span class='ocr_line' id='line_1_83' title="bbox 415 5013 1992 5089; baseline -0.002 -16"><span class='ocrx_word' id='word_1_524' title='bbox 415 5020 514 5089; x_wconf 85' lang='grc' dir='ltr'><strong>τὴν</strong></span> <span class='ocrx_word' id='word_1_525' title='bbox 534 5018 822 5088; x_wconf 80' lang='grc' dir='ltr'><strong>Κυριακὴν</strong></span> <span class='ocrx_word' id='word_1_526' title='bbox 858 5017 1072 5086; x_wconf 77' lang='grc' dir='ltr'><strong>ἡμέραν</strong></span> <span class='ocrx_word' id='word_1_527' title='bbox 1140 5013 1442 5084; x_wconf 87' lang='grc' dir='ltr'><strong>νηστεύων,</strong></span> <span class='ocrx_word' id='word_1_528' title='bbox 1488 5015 1521 5084; x_wconf 84' lang='grc' dir='ltr'>ἢ</span> <span class='ocrx_word' id='word_1_529' title='bbox 1572 5013 1633 5066; x_wconf 82' lang='grc' dir='ltr'><strong>τὸ</strong></span> <span class='ocrx_word' id='word_1_530' title='bbox 1685 5016 1992 5082; x_wconf 75' lang='grc' dir='ltr'><strong>Σάϐϐατον,</strong></span> 
     </span>
    </p>
   </div>
   <div class='ocr_carea' id='block_1_84' title="bbox 415 5100 1993 5181">
    <p class='ocr_par' dir='ltr' id='par_1_84' title="bbox 415 5100 1993 5181">
     <span class='ocr_line' id='line_1_84' title="bbox 415 5100 1993 5181; baseline -0.003 -16"><span class='ocrx_word' id='word_1_531' title='bbox 415 5112 557 5181; x_wconf 79' lang='grc' dir='ltr'><strong>πλὴν</strong></span> <span class='ocrx_word' id='word_1_532' title='bbox 581 5110 676 5164; x_wconf 82' lang='grc' dir='ltr'><strong>τοῦ</strong></span> <span class='ocrx_word' id='word_1_533' title='bbox 711 5111 828 5172; x_wconf 74' lang='grc' dir='ltr'><strong>ἑνὸς</strong></span> <span class='ocrx_word' id='word_1_534' title='bbox 889 5108 1075 5177; x_wconf 88' lang='grc' dir='ltr'><strong>μόνου,</strong></span> <span class='ocrx_word' id='word_1_535' title='bbox 1120 5107 1495 5178; x_wconf 82' lang='grc' dir='ltr'><strong>καθαιρείσθω</strong></span> <span class='ocrx_word' id='word_1_536' title='bbox 1521 5123 1536 5139; x_wconf 87' lang='grc'>⁶</span> <span class='ocrx_word' id='word_1_537' title='bbox 1590 5108 1745 5161; x_wconf 81' lang='grc' dir='ltr'><strong>εἰδὲ</strong></span> <span class='ocrx_word' id='word_1_538' title='bbox 1785 5100 1993 5175; x_wconf 55' lang='grc' dir='ltr'><strong>λαῖἓὲς,</strong></span> 
     </span>
    </p>
   </div>
   <div class='ocr_carea' id='block_1_85' title="bbox 412 5198 1994 5274">
    <p class='ocr_par' dir='ltr' id='par_1_85' title="bbox 412 5198 1994 5274">
     <span class='ocr_line' id='line_1_85' title="bbox 412 5198 1994 5274; baseline -0.005 -15"><span class='ocrx_word' id='word_1_539' title='bbox 412 5203 779 5274; x_wconf 78' lang='grc' dir='ltr'><strong>ἀφοριζέσοω.</strong></span> <span class='ocrx_word' id='word_1_540' title='bbox 817 5199 928 5255; x_wconf 73' lang='grc' dir='ltr'><strong>Καὶ</strong></span> <span class='ocrx_word' id='word_1_541' title='bbox 982 5201 1010 5252; x_wconf 88' lang='grc' dir='ltr'>ὁ</span> <span class='ocrx_word' id='word_1_542' title='bbox 1064 5199 1139 5264; x_wconf 75' lang='grc' dir='ltr'><strong>ξον</strong></span> <span class='ocrx_word' id='word_1_543' title='bbox 1224 5198 1326 5268; x_wconf 79' lang='grc' dir='ltr'><strong>τὴν</strong></span> <span class='ocrx_word' id='word_1_544' title='bbox 1405 5200 1854 5270; x_wconf 84' lang='grc' dir='ltr'><strong>τεσσαρακοστὴν</strong></span> <span class='ocrx_word' id='word_1_545' title='bbox 1900 5200 1994 5255; x_wconf 74' lang='grc' dir='ltr'><strong>τοῦ</strong></span> 
     </span>
    </p>
   </div>
   <div class='ocr_carea' id='block_1_86' title="bbox 414 5289 1997 5363">
    <p class='ocr_par' dir='ltr' id='par_1_86' title="bbox 414 5289 1997 5363">
     <span class='ocr_line' id='line_1_86' title="bbox 414 5289 1997 5363; baseline -0.003 -16"><span class='ocrx_word' id='word_1_546' title='bbox 414 5295 609 5363; x_wconf 77' lang='grc' dir='ltr'><strong>Πάσχα</strong></span> <span class='ocrx_word' id='word_1_547' title='bbox 631 5291 918 5363; x_wconf 87' lang='grc' dir='ltr'><strong>νηστεύειν</strong></span> <span class='ocrx_word' id='word_1_548' title='bbox 947 5290 1258 5361; x_wconf 74' lang='grc' dir='ltr'><strong>παρεγγυᾷ,</strong></span> <span class='ocrx_word' id='word_1_549' title='bbox 1279 5289 1376 5342; x_wconf 69' lang='grc' dir='ltr'><strong>καὶ</strong></span> <span class='ocrx_word' id='word_1_550' title='bbox 1397 5290 1645 5359; x_wconf 86' lang='grc' dir='ltr'><strong>Τετράδα</strong></span> <span class='ocrx_word' id='word_1_551' title='bbox 1684 5292 1776 5343; x_wconf 78' lang='grc' dir='ltr'><strong>καὶ</strong></span> <span class='ocrx_word' id='word_1_552' title='bbox 1807 5291 1997 5361; x_wconf 84' lang='grc' dir='ltr'><strong>Παρα-</strong></span> 
     </span>
    </p>
   </div>
   <div class='ocr_carea' id='block_1_87' title="bbox 418 5378 1996 5453">
    <p class='ocr_par' dir='ltr' id='par_1_87' title="bbox 418 5378 1996 5453">
     <span class='ocr_line' id='line_1_87' title="bbox 418 5378 1996 5453; baseline -0.003 -15"><span class='ocrx_word' id='word_1_553' title='bbox 418 5385 657 5453; x_wconf 82' lang='grc' dir='ltr'><strong>σκευήν·</strong></span> <span class='ocrx_word' id='word_1_554' title='bbox 711 5384 758 5434; x_wconf 88' lang='grc' dir='ltr'><strong>εί</strong></span> <span class='ocrx_word' id='word_1_555' title='bbox 802 5383 877 5452; x_wconf 82' lang='grc' dir='ltr'><strong>μὴ</strong></span> <span class='ocrx_word' id='word_1_556' title='bbox 909 5382 976 5436; x_wconf 88' lang='grc' dir='ltr'><strong>δι’</strong></span> <span class='ocrx_word' id='word_1_557' title='bbox 1010 5381 1297 5435; x_wconf 80' lang='grc' dir='ltr'><strong>ἀσθένειάν</strong></span> <span class='ocrx_word' id='word_1_558' title='bbox 1318 5397 1405 5443; x_wconf 80' lang='grc' dir='ltr'><strong>τις</strong></span> <span class='ocrx_word' id='word_1_559' title='bbox 1452 5378 1818 5448; x_wconf 76' lang='grc' dir='ltr'><strong>ἐμποδίζοιτο.</strong></span> <span class='ocrx_word' id='word_1_560' title='bbox 1875 5383 1996 5436; x_wconf 85' lang='grc' dir='ltr'><strong>Τῶν</strong></span> 
     </span>
    </p>
   </div>
   <div class='ocr_carea' id='block_1_88' title="bbox 412 5470 1997 5542">
    <p class='ocr_par' dir='ltr' id='par_1_88' title="bbox 412 5470 1997 5542">
     <span class='ocr_line' id='line_1_88' title="bbox 412 5470 1997 5542; baseline 0.001 -17"><span class='ocrx_word' id='word_1_561' title='bbox 412 5472 473 5527; x_wconf 75' lang='grc' dir='ltr'><strong>δὲ</strong></span> <span class='ocrx_word' id='word_1_562' title='bbox 520 5475 651 5542; x_wconf 81' lang='grc' dir='ltr'><strong>περὶ</strong></span> <span class='ocrx_word' id='word_1_563' title='bbox 691 5472 785 5525; x_wconf 80' lang='grc' dir='ltr'><strong>τὸν</strong></span> <span class='ocrx_word' id='word_1_564' title='bbox 812 5473 1108 5525; x_wconf 82' lang='grc' dir='ltr'><strong>Εύστάθιον</strong></span> <span class='ocrx_word' id='word_1_565' title='bbox 1143 5471 1242 5535; x_wconf 79' lang='grc' dir='ltr'><strong>τὰς</strong></span> <span class='ocrx_word' id='word_1_566' title='bbox 1262 5470 1702 5539; x_wconf 79' lang='grc' dir='ltr'><strong>παραδεδομένας</strong></span> <span class='ocrx_word' id='word_1_567' title='bbox 1742 5473 1997 5540; x_wconf 84' lang='grc' dir='ltr'><strong>νηστείας</strong></span> 
     </span>
    </p>
   </div>
   <div class='ocr_carea' id='block_1_89' title="bbox 416 5562 1998 5635">
    <p class='ocr_par' dir='ltr' id='par_1_89' title="bbox 416 5562 1998 5635">
     <span class='ocr_line' id='line_1_89' title="bbox 416 5562 1998 5635; baseline 0 -15"><span class='ocrx_word' id='word_1_568' title='bbox 416 5566 677 5630; x_wconf 85' lang='grc' dir='ltr'><strong>λυόντων,</strong></span> <span class='ocrx_word' id='word_1_569' title='bbox 707 5562 781 5625; x_wconf 79' lang='grc' dir='ltr'><strong>ὡς</strong></span> <span class='ocrx_word' id='word_1_570' title='bbox 812 5565 956 5634; x_wconf 78' lang='grc' dir='ltr'><strong>τάχα</strong></span> <span class='ocrx_word' id='word_1_571' title='bbox 984 5564 1310 5631; x_wconf 84' lang='grc' dir='ltr'><strong>φθασάντων</strong></span> <span class='ocrx_word' id='word_1_572' title='bbox 1340 5562 1476 5633; x_wconf 72' lang='grc' dir='ltr'><strong>πρὸς</strong></span> <span class='ocrx_word' id='word_1_573' title='bbox 1499 5562 1841 5635; x_wconf 85' lang='grc' dir='ltr'><strong>τελειότητα,</strong></span> <span class='ocrx_word' id='word_1_574' title='bbox 1901 5565 1998 5620; x_wconf 71' lang='grc' dir='ltr'><strong>καὶ</strong></span> 
     </span>
    </p>
   </div>
   <div class='ocr_carea' id='block_1_90' title="bbox 416 5655 1996 5729">
    <p class='ocr_par' dir='ltr' id='par_1_90' title="bbox 416 5655 1996 5729">
     <span class='ocr_line' id='line_1_90' title="bbox 416 5655 1996 5729; baseline 0 -17"><span class='ocrx_word' id='word_1_575' title='bbox 416 5659 609 5713; x_wconf 68' lang='grc' dir='ltr'><strong>οὐκέτι</strong></span> <span class='ocrx_word' id='word_1_576' title='bbox 636 5655 908 5726; x_wconf 80' lang='grc' dir='ltr'><strong>δεομένων</strong></span> <span class='ocrx_word' id='word_1_577' title='bbox 964 5657 1242 5724; x_wconf 84' lang='grc' dir='ltr'><strong>νηστείας,</strong></span> <span class='ocrx_word' id='word_1_578' title='bbox 1298 5655 1391 5709; x_wconf 79' lang='grc' dir='ltr'><strong>τὸν</strong></span> <span class='ocrx_word' id='word_1_579' title='bbox 1440 5655 1643 5709; x_wconf 88' lang='grc' dir='ltr'><strong>κανόνα</strong></span> <span class='ocrx_word' id='word_1_580' title='bbox 1703 5657 1895 5712; x_wconf 81' lang='grc' dir='ltr'><strong>τοῦτον</strong></span> <span class='ocrx_word' id='word_1_581' title='bbox 1962 5660 1996 5729; x_wconf 85' lang='grc' dir='ltr'><strong>ή</strong></span> 
     </span>
    </p>
   </div>
   <div class='ocr_carea' id='block_1_91' title="bbox 420 5746 1997 5821">
    <p class='ocr_par' dir='ltr' id='par_1_91' title="bbox 420 5746 1997 5821">
     <span class='ocr_line' id='line_1_91' title="bbox 420 5746 1997 5821; baseline 0.002 -19"><span class='ocrx_word' id='word_1_582' title='bbox 420 5750 635 5814; x_wconf 87' lang='grc' dir='ltr'><strong>συνόδος</strong></span> <span class='ocrx_word' id='word_1_583' title='bbox 658 5746 1292 5819; x_wconf 64' lang='grc' dir='ltr'><strong>ὲξεφώνησεν,ἀνέιθεμα</strong></span> <span class='ocrx_word' id='word_1_584' title='bbox 1340 5748 1860 5821; x_wconf 75' lang='grc' dir='ltr'><strong>καταψηφιζόμενον</strong></span> <span class='ocrx_word' id='word_1_585' title='bbox 1889 5750 1997 5805; x_wconf 85' lang='grc' dir='ltr'><strong>τῶν</strong></span> 
     </span>
    </p>
   </div>
   <div class='ocr_carea' id='block_1_92' title="bbox 419 5841 1996 5918">
    <p class='ocr_par' dir='ltr' id='par_1_92' title="bbox 419 5841 1996 5918">
     <span class='ocr_line' id='line_1_92' title="bbox 419 5841 1996 5918; baseline 0.003 -23"><span class='ocrx_word' id='word_1_586' title='bbox 419 5841 655 5899; x_wconf 72' lang='grc' dir='ltr'><strong>λυόντων</strong></span> <span class='ocrx_word' id='word_1_587' title='bbox 678 5841 773 5907; x_wconf 70' lang='grc' dir='ltr'><strong>τὰς</strong></span> <span class='ocrx_word' id='word_1_588' title='bbox 812 5842 1252 5917; x_wconf 73' lang='grc' dir='ltr'><strong>παραδεδομένας</strong></span> <span class='ocrx_word' id='word_1_589' title='bbox 1286 5842 1564 5917; x_wconf 77' lang='grc' dir='ltr'><strong>νηστείας,</strong></span> <span class='ocrx_word' id='word_1_590' title='bbox 1612 5843 1706 5900; x_wconf 70' lang='grc' dir='ltr'><strong>καὶ</strong></span> <span class='ocrx_word' id='word_1_591' title='bbox 1755 5844 1860 5899; x_wconf 79' lang='grc' dir='ltr'><strong>ὑπὸ</strong></span> <span class='ocrx_word' id='word_1_592' title='bbox 1896 5844 1996 5918; x_wconf 81' lang='grc' dir='ltr'><strong>τῆς</strong></span> 
     </span>
    </p>
   </div>
   <div class='ocr_carea' id='block_1_93' title="bbox 2093 3357 3669 3430">
    <p class='ocr_par' dir='ltr' id='par_1_93' title="bbox 2093 3357 3669 3430">
     <span class='ocr_line' id='line_1_93' title="bbox 2093 3357 3669 3430; baseline -0.001 -20"><span class='ocrx_word' id='word_1_593' title='bbox 2093 3375 2194 3429; x_wconf 84' lang='lat' dir='ltr'><strong>pus</strong></span> <span class='ocrx_word' id='word_1_594' title='bbox 2254 3361 2402 3415; x_wconf 88' lang='lat' dir='ltr'><strong>omni</strong></span> <span class='ocrx_word' id='word_1_595' title='bbox 2464 3361 2552 3414; x_wconf 91' lang='lat' dir='ltr'><strong>die</strong></span> <span class='ocrx_word' id='word_1_596' title='bbox 2584 3359 2858 3430; x_wconf 88' lang='lat' dir='ltr'><strong>jejunare,</strong></span> <span class='ocrx_word' id='word_1_597' title='bbox 2920 3374 3023 3415; x_wconf 88' lang='lat' dir='ltr'><strong>nec</strong></span> <span class='ocrx_word' id='word_1_598' title='bbox 3091 3375 3332 3430; x_wconf 89' lang='lat' dir='ltr'><strong>unquam</strong></span> <span class='ocrx_word' id='word_1_599' title='bbox 3397 3357 3669 3429; x_wconf 83' lang='lat' dir='ltr'><strong>jejunium</strong></span> 
     </span>
    </p>
   </div>
   <div class='ocr_carea' id='block_1_94' title="bbox 2094 3449 3670 3521">
    <p class='ocr_par' dir='ltr' id='par_1_94' title="bbox 2094 3449 3670 3521">
     <span class='ocr_line' id='line_1_94' title="bbox 2094 3449 3670 3521; baseline -0.002 -16"><span class='ocrx_word' id='word_1_600' title='bbox 2094 3450 2330 3517; x_wconf 79' lang='lat' dir='ltr'><strong>solvere,</strong></span> <span class='ocrx_word' id='word_1_601' title='bbox 2367 3457 2424 3505; x_wconf 91' lang='lat' dir='ltr'><strong>ut</strong></span> <span class='ocrx_word' id='word_1_602' title='bbox 2456 3467 2573 3517; x_wconf 89' lang='lat' dir='ltr'><strong>eos,</strong></span> <span class='ocrx_word' id='word_1_603' title='bbox 2610 3451 2702 3521; x_wconf 90' lang='lat' dir='ltr'><strong>qui</strong></span> <span class='ocrx_word' id='word_1_604' title='bbox 2738 3458 2864 3521; x_wconf 92' lang='lat' dir='ltr'><strong>post</strong></span> <span class='ocrx_word' id='word_1_605' title='bbox 2904 3457 3118 3506; x_wconf 89' lang='lat' dir='ltr'><strong>tantum</strong></span> <span class='ocrx_word' id='word_1_606' title='bbox 3155 3459 3370 3521; x_wconf 91' lang='lat' dir='ltr'><strong>tempus</strong></span> <span class='ocrx_word' id='word_1_607' title='bbox 3396 3449 3670 3521; x_wconf 85' lang='lat' dir='ltr'><strong>jejunant.</strong></span> 
     </span>
    </p>
   </div>
   <div class='ocr_carea' id='block_1_95' title="bbox 2094 3541 3674 3613">
    <p class='ocr_par' dir='ltr' id='par_1_95' title="bbox 2094 3541 3674 3613">
     <span class='ocr_line' id='line_1_95' title="bbox 2094 3541 3674 3613; baseline -0.003 -17"><span class='ocrx_word' id='word_1_608' title='bbox 2094 3543 2282 3597; x_wconf 86' lang='lat' dir='ltr'><strong>dicant</strong></span> <span class='ocrx_word' id='word_1_609' title='bbox 2314 3557 2440 3599; x_wconf 87' lang='lat' dir='ltr'><strong>esse</strong></span> <span class='ocrx_word' id='word_1_610' title='bbox 2475 3542 2529 3597; x_wconf 89' lang='lat' dir='ltr'><strong>in</strong></span> <span class='ocrx_word' id='word_1_611' title='bbox 2576 3543 2932 3612; x_wconf 83' lang='lat' dir='ltr'><strong>perfectione,</strong></span> <span class='ocrx_word' id='word_1_612' title='bbox 2972 3550 3028 3599; x_wconf 90' lang='lat' dir='ltr'><strong>et</strong></span> <span class='ocrx_word' id='word_1_613' title='bbox 3065 3542 3337 3613; x_wconf 87' lang='lat' dir='ltr'><strong>jejunium</strong></span> <span class='ocrx_word' id='word_1_614' title='bbox 3376 3541 3589 3599; x_wconf 82' lang='lat' dir='ltr'><strong>solvere</strong></span> <span class='ocrx_word' id='word_1_615' title='bbox 3619 3547 3674 3595; x_wconf 90' lang='lat' dir='ltr'><strong>et</strong></span> 
     </span>
    </p>
   </div>
   <div class='ocr_carea' id='block_1_96' title="bbox 2095 3629 3671 3701">
    <p class='ocr_par' dir='ltr' id='par_1_96' title="bbox 2095 3629 3671 3701">
     <span class='ocr_line' id='line_1_96' title="bbox 2095 3629 3671 3701; baseline -0.003 -14"><span class='ocrx_word' id='word_1_616' title='bbox 2095 3647 2325 3700; x_wconf 85' lang='lat' dir='ltr'><strong>peccare</strong></span> <span class='ocrx_word' id='word_1_617' title='bbox 2382 3632 2866 3688; x_wconf 86' lang='lat' dir='ltr'><strong>indiscriminatim</strong></span> <span class='ocrx_word' id='word_1_618' title='bbox 2921 3646 3104 3701; x_wconf 91' lang='lat' dir='ltr'><strong>posse,</strong></span> <span class='ocrx_word' id='word_1_619' title='bbox 3169 3640 3223 3686; x_wconf 90' lang='lat' dir='ltr'><strong>et</strong></span> <span class='ocrx_word' id='word_1_620' title='bbox 3278 3645 3441 3685; x_wconf 90' lang='lat' dir='ltr'><strong>omne</strong></span> <span class='ocrx_word' id='word_1_621' title='bbox 3479 3629 3671 3683; x_wconf 83' lang='lat' dir='ltr'><strong>vitium</strong></span> 
     </span>
    </p>
   </div>
   <div class='ocr_carea' id='block_1_97' title="bbox 2095 3718 3674 3793">
    <p class='ocr_par' dir='ltr' id='par_1_97' title="bbox 2095 3718 3674 3793">
     <span class='ocr_line' id='line_1_97' title="bbox 2095 3718 3674 3793; baseline -0.002 -18"><span class='ocrx_word' id='word_1_622' title='bbox 2095 3730 2355 3793; x_wconf 87' lang='lat' dir='ltr'><strong>tanquam</strong></span> <span class='ocrx_word' id='word_1_623' title='bbox 2409 3738 2437 3776; x_wconf 90' lang='lat' dir='ltr'><strong>a</strong></span> <span class='ocrx_word' id='word_1_624' title='bbox 2490 3721 2823 3791; x_wconf 76' lang='lat' dir='ltr'><strong>perfectione</strong></span> <span class='ocrx_word' id='word_1_625' title='bbox 2871 3723 2939 3777; x_wconf 89' lang='lat' dir='ltr'><strong>ab</strong></span> <span class='ocrx_word' id='word_1_626' title='bbox 2972 3722 3098 3791; x_wconf 84' lang='lat' dir='ltr'><strong>igne</strong></span> <span class='ocrx_word' id='word_1_627' title='bbox 3132 3721 3311 3776; x_wconf 85' lang='lat' dir='ltr'><strong>exuri.</strong></span> <span class='ocrx_word' id='word_1_628' title='bbox 3345 3718 3674 3789; x_wconf 89' lang='lat' dir='ltr'><strong>Ilujusmodi</strong></span> 
     </span>
    </p>
   </div>
   <div class='ocr_carea' id='block_1_98' title="bbox 2095 3813 3675 3886">
    <p class='ocr_par' dir='ltr' id='par_1_98' title="bbox 2095 3813 3675 3886">
     <span class='ocr_line' id='line_1_98' title="bbox 2095 3813 3675 3886; baseline -0.002 -18"><span class='ocrx_word' id='word_1_629' title='bbox 2095 3830 2247 3886; x_wconf 83' lang='lat' dir='ltr'><strong>ergo,</strong></span> <span class='ocrx_word' id='word_1_630' title='bbox 2280 3823 2339 3868; x_wconf 90' lang='lat' dir='ltr'><strong>ttt</strong></span> <span class='ocrx_word' id='word_1_631' title='bbox 2395 3814 2633 3881; x_wconf 87' lang='lat' dir='ltr'><strong>videtur,</strong></span> <span class='ocrx_word' id='word_1_632' title='bbox 2667 3814 2939 3872; x_wconf 85' lang='lat' dir='ltr'><strong>docebant</strong></span> <span class='ocrx_word' id='word_1_633' title='bbox 2969 3824 3025 3869; x_wconf 91' lang='lat' dir='ltr'><strong>et</strong></span> <span class='ocrx_word' id='word_1_634' title='bbox 3053 3813 3399 3869; x_wconf 86' lang='lat' dir='ltr'><strong>Eustathiani</strong></span> <span class='ocrx_word' id='word_1_635' title='bbox 3423 3830 3438 3880; x_wconf 94' lang='lat'><strong>;</strong></span> <span class='ocrx_word' id='word_1_636' title='bbox 3464 3820 3519 3867; x_wconf 89' lang='lat' dir='ltr'><strong>et</strong></span> <span class='ocrx_word' id='word_1_637' title='bbox 3550 3813 3675 3868; x_wconf 91' lang='lat' dir='ltr'><strong>idco</strong></span> 
     </span>
    </p>
   </div>
   <div class='ocr_carea' id='block_1_99' title="bbox 2097 3908 3675 3981">
    <p class='ocr_par' dir='ltr' id='par_1_99' title="bbox 2097 3908 3675 3981">
     <span class='ocr_line' id='line_1_99' title="bbox 2097 3908 3675 3981; baseline 0.001 -18"><span class='ocrx_word' id='word_1_638' title='bbox 2097 3910 2322 3966; x_wconf 89' lang='lat' dir='ltr'><strong>fuerunt</strong></span> <span class='ocrx_word' id='word_1_639' title='bbox 2363 3912 2707 3966; x_wconf 86' lang='lat' dir='ltr'><strong>anathemate</strong></span> <span class='ocrx_word' id='word_1_640' title='bbox 2752 3911 3018 3981; x_wconf 88' lang='lat' dir='ltr'><strong>percussi.</strong></span> <span class='ocrx_word' id='word_1_641' title='bbox 3055 3910 3328 3966; x_wconf 88' lang='lat' dir='ltr'><strong>Debemus</strong></span> <span class='ocrx_word' id='word_1_642' title='bbox 3362 3908 3508 3964; x_wconf 90' lang='lat' dir='ltr'><strong>enim</strong></span> <span class='ocrx_word' id='word_1_643' title='bbox 3542 3910 3675 3965; x_wconf 81' lang='lat' dir='ltr'><strong>iide-</strong></span> 
     </span>
    </p>
   </div>
   <div class='ocr_carea' id='block_1_100' title="bbox 2094 4000 3673 4071">
    <p class='ocr_par' dir='ltr' id='par_1_100' title="bbox 2094 4000 3673 4071">
     <span class='ocr_line' id='line_1_100' title="bbox 2094 4000 3673 4071; baseline -0.001 -15"><span class='ocrx_word' id='word_1_644' title='bbox 2094 4003 2176 4058; x_wconf 91' lang='lat' dir='ltr'><strong>les</strong></span> <span class='ocrx_word' id='word_1_645' title='bbox 2226 4005 2282 4057; x_wconf 89' lang='lat' dir='ltr'><strong>in</strong></span> <span class='ocrx_word' id='word_1_646' title='bbox 2331 4001 2549 4059; x_wconf 87' lang='lat' dir='ltr'><strong>traditis</strong></span> <span class='ocrx_word' id='word_1_647' title='bbox 2579 4002 2826 4071; x_wconf 89' lang='lat' dir='ltr'><strong>jejuniis,</strong></span> <span class='ocrx_word' id='word_1_648' title='bbox 2874 4003 3131 4056; x_wconf 88' lang='lat' dir='ltr'><strong>nimirum</strong></span> <span class='ocrx_word' id='word_1_649' title='bbox 3181 4009 3374 4071; x_wconf 87' lang='lat' dir='ltr'><strong>quarta</strong></span> <span class='ocrx_word' id='word_1_650' title='bbox 3419 4000 3573 4067; x_wconf 89' lang='lat' dir='ltr'><strong>feria,</strong></span> <span class='ocrx_word' id='word_1_651' title='bbox 3617 4008 3673 4056; x_wconf 88' lang='lat' dir='ltr'><strong>et</strong></span> 
     </span>
    </p>
   </div>
   <div class='ocr_carea' id='block_1_101' title="bbox 2094 4094 3675 4165">
    <p class='ocr_par' dir='ltr' id='par_1_101' title="bbox 2094 4094 3675 4165">
     <span class='ocr_line' id='line_1_101' title="bbox 2094 4094 3675 4165; baseline -0.001 -16"><span class='ocrx_word' id='word_1_652' title='bbox 2094 4094 2417 4162; x_wconf 86' lang='lat' dir='ltr'><strong>Parasceve,</strong></span> <span class='ocrx_word' id='word_1_653' title='bbox 2478 4103 2533 4150; x_wconf 91' lang='lat' dir='ltr'><strong>et</strong></span> <span class='ocrx_word' id='word_1_654' title='bbox 2583 4109 2779 4165; x_wconf 83' lang='lat' dir='ltr'><strong>magna</strong></span> <span class='ocrx_word' id='word_1_655' title='bbox 2830 4094 3284 4162; x_wconf 80' lang='lat' dir='ltr'><strong>Quadragesima,</strong></span> <span class='ocrx_word' id='word_1_656' title='bbox 3341 4102 3397 4148; x_wconf 92' lang='lat' dir='ltr'><strong>et</strong></span> <span class='ocrx_word' id='word_1_657' title='bbox 3449 4094 3675 4163; x_wconf 88' lang='lat' dir='ltr'><strong>reliquis</strong></span> 
     </span>
    </p>
   </div>
   <div class='ocr_carea' id='block_1_102' title="bbox 2090 4185 3669 4258">
    <p class='ocr_par' dir='ltr' id='par_1_102' title="bbox 2090 4185 3669 4258">
     <span class='ocr_line' id='line_1_102' title="bbox 2090 4185 3669 4258; baseline -0.002 -17"><span class='ocrx_word' id='word_1_658' title='bbox 2090 4187 2315 4258; x_wconf 86' lang='lat' dir='ltr'><strong>jejuniis</strong></span> <span class='ocrx_word' id='word_1_659' title='bbox 2362 4187 2635 4258; x_wconf 86' lang='lat' dir='ltr'><strong>jejunare,</strong></span> <span class='ocrx_word' id='word_1_660' title='bbox 2672 4197 2725 4243; x_wconf 89' lang='lat' dir='ltr'><strong>et</strong></span> <span class='ocrx_word' id='word_1_661' title='bbox 2766 4202 2959 4241; x_wconf 89' lang='lat' dir='ltr'><strong>rursus</strong></span> <span class='ocrx_word' id='word_1_662' title='bbox 3004 4186 3177 4241; x_wconf 88' lang='lat' dir='ltr'><strong>festos</strong></span> <span class='ocrx_word' id='word_1_663' title='bbox 3214 4188 3329 4241; x_wconf 89' lang='lat' dir='ltr'><strong>dics</strong></span> <span class='ocrx_word' id='word_1_664' title='bbox 3366 4185 3669 4251; x_wconf 85' lang='lat' dir='ltr'><strong>celebrare,</strong></span> 
     </span>
    </p>
   </div>
   <div class='ocr_carea' id='block_1_103' title="bbox 2096 4278 3667 4351">
    <p class='ocr_par' dir='ltr' id='par_1_103' title="bbox 2096 4278 3667 4351">
     <span class='ocr_line' id='line_1_103' title="bbox 2096 4278 3667 4351; baseline -0.001 -16"><span class='ocrx_word' id='word_1_665' title='bbox 2096 4281 2201 4336; x_wconf 89' lang='lat' dir='ltr'><strong>nisi</strong></span> <span class='ocrx_word' id='word_1_666' title='bbox 2233 4280 2370 4336; x_wconf 88' lang='lat' dir='ltr'><strong>forte</strong></span> <span class='ocrx_word' id='word_1_667' title='bbox 2397 4290 2619 4351; x_wconf 85' lang='lat' dir='ltr'><strong>propter</strong></span> <span class='ocrx_word' id='word_1_668' title='bbox 2648 4279 2896 4336; x_wconf 89' lang='lat' dir='ltr'><strong>morbum</strong></span> <span class='ocrx_word' id='word_1_669' title='bbox 2935 4278 3209 4349; x_wconf 89' lang='lat' dir='ltr'><strong>jejunium</strong></span> <span class='ocrx_word' id='word_1_670' title='bbox 3243 4279 3458 4334; x_wconf 85' lang='lat' dir='ltr'><strong>solvere</strong></span> <span class='ocrx_word' id='word_1_671' title='bbox 3487 4278 3667 4333; x_wconf 89' lang='lat' dir='ltr'><strong>coacti</strong></span> 
     </span>
    </p>
   </div>
   <div class='ocr_carea' id='block_1_104' title="bbox 2098 4370 3673 4441">
    <p class='ocr_par' dir='ltr' id='par_1_104' title="bbox 2098 4370 3673 4441">
     <span class='ocr_line' id='line_1_104' title="bbox 2098 4370 3673 4441; baseline -0.003 -12"><span class='ocrx_word' id='word_1_672' title='bbox 2098 4373 2293 4429; x_wconf 90' lang='lat' dir='ltr'><strong>simus.</strong></span> <span class='ocrx_word' id='word_1_673' title='bbox 2344 4372 2486 4428; x_wconf 90' lang='lat' dir='ltr'><strong>Dicit</strong></span> <span class='ocrx_word' id='word_1_674' title='bbox 2528 4372 2671 4427; x_wconf 89' lang='lat' dir='ltr'><strong>enim</strong></span> <span class='ocrx_word' id='word_1_675' title='bbox 2708 4372 2775 4428; x_wconf 87' lang='lat'><strong>69</strong></span> <span class='ocrx_word' id='word_1_676' title='bbox 2800 4387 2975 4428; x_wconf 90' lang='lat' dir='ltr'><strong>canon</strong></span> <span class='ocrx_word' id='word_1_677' title='bbox 3008 4370 3346 4441; x_wconf 87' lang='lat' dir='ltr'><strong>apostolicus</strong></span> <span class='ocrx_word' id='word_1_678' title='bbox 3369 4411 3384 4435; x_wconf 94' lang='lat'><strong>,</strong></span> <span class='ocrx_word' id='word_1_679' title='bbox 3435 4371 3489 4424; x_wconf 91' lang='lat' dir='ltr'><strong>in</strong></span> <span class='ocrx_word' id='word_1_680' title='bbox 3523 4370 3673 4425; x_wconf 91' lang='lat' dir='ltr'><strong>omni</strong></span> 
     </span>
    </p>
   </div>
   <div class='ocr_carea' id='block_1_105' title="bbox 2096 4461 3673 4536">
    <p class='ocr_par' dir='ltr' id='par_1_105' title="bbox 2096 4461 3673 4536">
     <span class='ocr_line' id='line_1_105' title="bbox 2096 4461 3673 4536; baseline -0.002 -16"><span class='ocrx_word' id='word_1_681' title='bbox 2096 4477 2290 4536; x_wconf 85' lang='lat' dir='ltr'><strong>quarta</strong></span> <span class='ocrx_word' id='word_1_682' title='bbox 2327 4466 2459 4521; x_wconf 86' lang='lat' dir='ltr'><strong>feria</strong></span> <span class='ocrx_word' id='word_1_683' title='bbox 2491 4473 2546 4520; x_wconf 92' lang='lat' dir='ltr'><strong>et</strong></span> <span class='ocrx_word' id='word_1_684' title='bbox 2577 4466 2879 4521; x_wconf 85' lang='lat' dir='ltr'><strong>Parasceve</strong></span> <span class='ocrx_word' id='word_1_685' title='bbox 2909 4472 2964 4519; x_wconf 88' lang='lat' dir='ltr'><strong>et</strong></span> <span class='ocrx_word' id='word_1_686' title='bbox 3012 4464 3068 4518; x_wconf 91' lang='lat' dir='ltr'><strong>in</strong></span> <span class='ocrx_word' id='word_1_687' title='bbox 3100 4462 3325 4517; x_wconf 69' lang='lat' dir='ltr'><strong>Paschte</strong></span> <span class='ocrx_word' id='word_1_688' title='bbox 3362 4461 3673 4534; x_wconf 83' lang='lat' dir='ltr'><strong>quadrage-</strong></span> 
     </span>
    </p>
   </div>
   <div class='ocr_carea' id='block_1_106' title="bbox 2025 4553 3675 4645">
    <p class='ocr_par' dir='ltr' id='par_1_106' title="bbox 2025 4553 3675 4645">
     <span class='ocr_line' id='line_1_106' title="bbox 2025 4553 3675 4645; baseline -0.002 -32"><span class='ocrx_word' id='word_1_689' title='bbox 2025 4591 2066 4645; x_wconf 66' lang='grc' dir='ltr'><strong>υ</strong></span> <span class='ocrx_word' id='word_1_690' title='bbox 2098 4558 2233 4613; x_wconf 81' lang='lat' dir='ltr'><strong>sima</strong></span> <span class='ocrx_word' id='word_1_691' title='bbox 2283 4573 2386 4613; x_wconf 90' lang='lat' dir='ltr'><strong>nos</strong></span> <span class='ocrx_word' id='word_1_692' title='bbox 2428 4558 2693 4627; x_wconf 84' lang='lat' dir='ltr'><strong>jejunium</strong></span> <span class='ocrx_word' id='word_1_693' title='bbox 2729 4572 2838 4611; x_wconf 91' lang='lat' dir='ltr'><strong>non</strong></span> <span class='ocrx_word' id='word_1_694' title='bbox 2883 4556 3098 4612; x_wconf 88' lang='lat' dir='ltr'><strong>solvere</strong></span> <span class='ocrx_word' id='word_1_695' title='bbox 3141 4553 3246 4612; x_wconf 91' lang='lat' dir='ltr'><strong>nisi</strong></span> <span class='ocrx_word' id='word_1_696' title='bbox 3291 4565 3512 4626; x_wconf 88' lang='lat' dir='ltr'><strong>propter</strong></span> <span class='ocrx_word' id='word_1_697' title='bbox 3547 4569 3675 4610; x_wconf 87' lang='lat' dir='ltr'><strong>cor-</strong></span> 
     </span>
    </p>
   </div>
   <div class='ocr_carea' id='block_1_107' title="bbox 2098 4649 2835 4720">
    <p class='ocr_par' dir='ltr' id='par_1_107' title="bbox 2098 4649 2835 4720">
     <span class='ocr_line' id='line_1_107' title="bbox 2098 4649 2835 4720; baseline 0.004 -17"><span class='ocrx_word' id='word_1_698' title='bbox 2098 4649 2339 4720; x_wconf 86' lang='lat' dir='ltr'><strong>poralem</strong></span> <span class='ocrx_word' id='word_1_699' title='bbox 2385 4650 2835 4706; x_wconf 87' lang='lat' dir='ltr'><strong>imbecillitatem.</strong></span> 
     </span>
    </p>
   </div>
   <div class='ocr_carea' id='block_1_108' title="bbox 2169 4827 3677 4901">
    <p class='ocr_par' dir='ltr' id='par_1_108' title="bbox 2169 4827 3677 4901">
     <span class='ocr_line' id='line_1_108' title="bbox 2169 4827 3677 4901; baseline 0.003 -18"><span class='ocrx_word' id='word_1_700' title='bbox 2169 4827 2422 4884; x_wconf 76' lang='lat' dir='ltr'><strong>ZONAR.</strong></span> <span class='ocrx_word' id='word_1_701' title='bbox 2456 4828 2843 4900; x_wconf 80' lang='lat' dir='ltr'><strong>Sexagesimus</strong></span> <span class='ocrx_word' id='word_1_702' title='bbox 2871 4837 3102 4900; x_wconf 88' lang='lat' dir='ltr'><strong>quartus</strong></span> <span class='ocrx_word' id='word_1_703' title='bbox 3133 4844 3309 4885; x_wconf 87' lang='lat' dir='ltr'><strong>canon</strong></span> <span class='ocrx_word' id='word_1_704' title='bbox 3339 4832 3677 4901; x_wconf 87' lang='lat' dir='ltr'><strong>apostolicus</strong></span> 
     </span>
    </p>
   </div>
   <div class='ocr_carea' id='block_1_109' title="bbox 2100 4921 3678 4994">
    <p class='ocr_par' dir='ltr' id='par_1_109' title="bbox 2100 4921 3678 4994">
     <span class='ocr_line' id='line_1_109' title="bbox 2100 4921 3678 4994; baseline 0.001 -16"><span class='ocrx_word' id='word_1_705' title='bbox 2100 4923 2212 4979; x_wconf 81' lang='lat' dir='ltr'><strong>haec</strong></span> <span class='ocrx_word' id='word_1_706' title='bbox 2233 4923 2456 4977; x_wconf 88' lang='lat' dir='ltr'><strong>totidem</strong></span> <span class='ocrx_word' id='word_1_707' title='bbox 2478 4923 2660 4979; x_wconf 82' lang='lat' dir='ltr'><strong>verbis</strong></span> <span class='ocrx_word' id='word_1_708' title='bbox 2689 4923 2853 4978; x_wconf 87' lang='lat' dir='ltr'><strong>habet</strong></span> <span class='ocrx_word' id='word_1_709' title='bbox 2879 4938 2892 4982; x_wconf 92' lang='lat'><strong>:</strong></span> <span class='ocrx_word' id='word_1_710' title='bbox 2929 4921 2986 4977; x_wconf 84' lang='lat' dir='ltr'><strong>Si</strong></span> <span class='ocrx_word' id='word_1_711' title='bbox 3016 4924 3164 4994; x_wconf 89' lang='lat' dir='ltr'><strong>quis,</strong></span> <span class='ocrx_word' id='word_1_712' title='bbox 3197 4924 3396 4994; x_wconf 89' lang='lat' dir='ltr'><strong>inquit,</strong></span> <span class='ocrx_word' id='word_1_713' title='bbox 3443 4924 3678 4980; x_wconf 86' lang='lat' dir='ltr'><strong>clericus</strong></span> 
     </span>
    </p>
   </div>
   <div class='ocr_carea' id='block_1_110' title="bbox 2096 5012 3676 5085">
    <p class='ocr_par' dir='ltr' id='par_1_110' title="bbox 2096 5012 3676 5085">
     <span class='ocr_line' id='line_1_110' title="bbox 2096 5012 3676 5085; baseline 0.002 -16"><span class='ocrx_word' id='word_1_714' title='bbox 2096 5014 2352 5069; x_wconf 80' lang='lat' dir='ltr'><strong>inventus</strong></span> <span class='ocrx_word' id='word_1_715' title='bbox 2405 5012 2573 5069; x_wconf 83' lang='lat' dir='ltr'><strong>fuerit</strong></span> <span class='ocrx_word' id='word_1_716' title='bbox 2621 5013 2711 5068; x_wconf 89' lang='lat' dir='ltr'><strong>die</strong></span> <span class='ocrx_word' id='word_1_717' title='bbox 2750 5012 3037 5070; x_wconf 89' lang='lat' dir='ltr'><strong>Dominico</strong></span> <span class='ocrx_word' id='word_1_718' title='bbox 3081 5014 3369 5085; x_wconf 86' lang='lat' dir='ltr'><strong>jejunare,</strong></span> <span class='ocrx_word' id='word_1_719' title='bbox 3400 5016 3483 5070; x_wconf 87' lang='lat' dir='ltr'><strong>vel</strong></span> <span class='ocrx_word' id='word_1_720' title='bbox 3533 5016 3676 5073; x_wconf 83' lang='lat' dir='ltr'><strong>Sab-</strong></span> 
     </span>
    </p>
   </div>
   <div class='ocr_carea' id='block_1_111' title="bbox 2097 5107 3674 5178">
    <p class='ocr_par' dir='ltr' id='par_1_111' title="bbox 2097 5107 3674 5178">
     <span class='ocr_line' id='line_1_111' title="bbox 2097 5107 3674 5178; baseline 0.002 -18"><span class='ocrx_word' id='word_1_721' title='bbox 2097 5107 2244 5172; x_wconf 83' lang='lat' dir='ltr'><strong>bato,</strong></span> <span class='ocrx_word' id='word_1_722' title='bbox 2276 5117 2639 5177; x_wconf 82' lang='lat' dir='ltr'><strong>praeterquam</strong></span> <span class='ocrx_word' id='word_1_723' title='bbox 2684 5122 2793 5162; x_wconf 91' lang='lat' dir='ltr'><strong>uno</strong></span> <span class='ocrx_word' id='word_1_724' title='bbox 2822 5107 2961 5170; x_wconf 91' lang='lat' dir='ltr'><strong>solo,</strong></span> <span class='ocrx_word' id='word_1_725' title='bbox 2995 5107 3304 5178; x_wconf 82' lang='lat' dir='ltr'><strong>deponatur</strong></span> <span class='ocrx_word' id='word_1_726' title='bbox 3333 5126 3347 5163; x_wconf 91' lang='lat'><strong>:</strong></span> <span class='ocrx_word' id='word_1_727' title='bbox 3378 5110 3462 5164; x_wconf 90' lang='lat' dir='ltr'><strong>sin</strong></span> <span class='ocrx_word' id='word_1_728' title='bbox 3491 5119 3674 5164; x_wconf 86' lang='lat' dir='ltr'><strong>autem</strong></span> 
     </span>
    </p>
   </div>
   <div class='ocr_carea' id='block_1_112' title="bbox 2098 5199 3678 5271">
    <p class='ocr_par' dir='ltr' id='par_1_112' title="bbox 2098 5199 3678 5271">
     <span class='ocr_line' id='line_1_112' title="bbox 2098 5199 3678 5271; baseline 0.001 -18"><span class='ocrx_word' id='word_1_729' title='bbox 2098 5199 2304 5267; x_wconf 76' lang='lat' dir='ltr'><strong>laicus,</strong></span> <span class='ocrx_word' id='word_1_730' title='bbox 2351 5208 2689 5271; x_wconf 83' lang='lat' dir='ltr'><strong>segregetur.</strong></span> <span class='ocrx_word' id='word_1_731' title='bbox 2723 5199 3109 5270; x_wconf 78' lang='lat' dir='ltr'><strong>Sexagesimus</strong></span> <span class='ocrx_word' id='word_1_732' title='bbox 3145 5214 3274 5253; x_wconf 87' lang='lat' dir='ltr'><strong>vero</strong></span> <span class='ocrx_word' id='word_1_733' title='bbox 3312 5215 3491 5255; x_wconf 89' lang='lat' dir='ltr'><strong>nonus</strong></span> <span class='ocrx_word' id='word_1_734' title='bbox 3535 5217 3678 5271; x_wconf 88' lang='lat' dir='ltr'><strong>qua-</strong></span> 
     </span>
    </p>
   </div>
   <div class='ocr_carea' id='block_1_113' title="bbox 2099 5290 3676 5362">
    <p class='ocr_par' dir='ltr' id='par_1_113' title="bbox 2099 5290 3676 5362">
     <span class='ocr_line' id='line_1_113' title="bbox 2099 5290 3676 5362; baseline 0 -15"><span class='ocrx_word' id='word_1_735' title='bbox 2099 5293 2463 5362; x_wconf 76' lang='lat' dir='ltr'><strong>dragesimam</strong></span> <span class='ocrx_word' id='word_1_736' title='bbox 2519 5290 2763 5356; x_wconf 70' lang='lat' dir='ltr'><strong>Paschae,</strong></span> <span class='ocrx_word' id='word_1_737' title='bbox 2806 5302 2862 5347; x_wconf 90' lang='lat' dir='ltr'><strong>et</strong></span> <span class='ocrx_word' id='word_1_738' title='bbox 2906 5300 3161 5362; x_wconf 90' lang='lat' dir='ltr'><strong>quartum</strong></span> <span class='ocrx_word' id='word_1_739' title='bbox 3210 5291 3376 5359; x_wconf 88' lang='lat' dir='ltr'><strong>diem,</strong></span> <span class='ocrx_word' id='word_1_740' title='bbox 3421 5300 3476 5348; x_wconf 91' lang='lat' dir='ltr'><strong>et</strong></span> <span class='ocrx_word' id='word_1_741' title='bbox 3509 5293 3676 5347; x_wconf 77' lang='lat' dir='ltr'><strong>Para-</strong></span> 
     </span>
    </p>
   </div>
   <div class='ocr_carea' id='block_1_114' title="bbox 2099 5380 3674 5453">
    <p class='ocr_par' dir='ltr' id='par_1_114' title="bbox 2099 5380 3674 5453">
     <span class='ocr_line' id='line_1_114' title="bbox 2099 5380 3674 5453; baseline -0.001 -18"><span class='ocrx_word' id='word_1_742' title='bbox 2099 5394 2317 5443; x_wconf 82' lang='lat' dir='ltr'><strong>sceven,</strong></span> <span class='ocrx_word' id='word_1_743' title='bbox 2372 5380 2481 5437; x_wconf 89' lang='lat' dir='ltr'><strong>nisi</strong></span> <span class='ocrx_word' id='word_1_744' title='bbox 2532 5380 2782 5449; x_wconf 85' lang='lat' dir='ltr'><strong>corporis</strong></span> <span class='ocrx_word' id='word_1_745' title='bbox 2814 5381 2997 5453; x_wconf 88' lang='lat' dir='ltr'><strong>aliqua</strong></span> <span class='ocrx_word' id='word_1_746' title='bbox 3033 5380 3327 5437; x_wconf 85' lang='lat' dir='ltr'><strong>infirmitas</strong></span> <span class='ocrx_word' id='word_1_747' title='bbox 3371 5381 3674 5445; x_wconf 77' lang='lat' dir='ltr'><strong>obstiterit,</strong></span> 
     </span>
    </p>
   </div>
   <div class='ocr_carea' id='block_1_115' title="bbox 2093 5470 3675 5543">
    <p class='ocr_par' dir='ltr' id='par_1_115' title="bbox 2093 5470 3675 5543">
     <span class='ocr_line' id='line_1_115' title="bbox 2093 5470 3675 5543; baseline 0.001 -18"><span class='ocrx_word' id='word_1_748' title='bbox 2093 5470 2303 5541; x_wconf 65' lang='lat' dir='ltr'><strong>jejunio</strong></span> <span class='ocrx_word' id='word_1_749' title='bbox 2332 5473 2738 5543; x_wconf 85' lang='lat' dir='ltr'><strong>transigendam</strong></span> <span class='ocrx_word' id='word_1_750' title='bbox 2772 5489 2895 5529; x_wconf 88' lang='lat' dir='ltr'><strong>esse</strong></span> <span class='ocrx_word' id='word_1_751' title='bbox 2917 5474 3184 5529; x_wconf 87' lang='lat' dir='ltr'><strong>decernit.</strong></span> <span class='ocrx_word' id='word_1_752' title='bbox 3228 5473 3366 5529; x_wconf 85' lang='lat' dir='ltr'><strong>Cum</strong></span> <span class='ocrx_word' id='word_1_753' title='bbox 3402 5489 3532 5529; x_wconf 86' lang='lat' dir='ltr'><strong>vero</strong></span> <span class='ocrx_word' id='word_1_754' title='bbox 3563 5473 3675 5527; x_wconf 82' lang='lat' dir='ltr'><strong>Eu-</strong></span> 
     </span>
    </p>
   </div>
   <div class='ocr_carea' id='block_1_116' title="bbox 2098 5563 3674 5637">
    <p class='ocr_par' dir='ltr' id='par_1_116' title="bbox 2098 5563 3674 5637">
     <span class='ocr_line' id='line_1_116' title="bbox 2098 5563 3674 5637; baseline 0.001 -17"><span class='ocrx_word' id='word_1_755' title='bbox 2098 5565 2382 5631; x_wconf 86' lang='lat' dir='ltr'><strong>stathiani,</strong></span> <span class='ocrx_word' id='word_1_756' title='bbox 2417 5565 2570 5635; x_wconf 86' lang='lat' dir='ltr'><strong>quasi</strong></span> <span class='ocrx_word' id='word_1_757' title='bbox 2600 5581 2873 5621; x_wconf 90' lang='lat' dir='ltr'><strong>summum</strong></span> <span class='ocrx_word' id='word_1_758' title='bbox 2918 5565 3174 5637; x_wconf 78' lang='lat' dir='ltr'><strong>perfectae</strong></span> <span class='ocrx_word' id='word_1_759' title='bbox 3206 5566 3431 5622; x_wconf 83' lang='lat' dir='ltr'><strong>virtutis</strong></span> <span class='ocrx_word' id='word_1_760' title='bbox 3462 5563 3674 5635; x_wconf 88' lang='lat' dir='ltr'><strong>apicem</strong></span> 
     </span>
    </p>
   </div>
   <div class='ocr_carea' id='block_1_117' title="bbox 2100 5658 3675 5731">
    <p class='ocr_par' dir='ltr' id='par_1_117' title="bbox 2100 5658 3675 5731">
     <span class='ocr_line' id='line_1_117' title="bbox 2100 5658 3675 5731; baseline -0.001 -17"><span class='ocrx_word' id='word_1_761' title='bbox 2100 5660 2439 5730; x_wconf 81' lang='lat' dir='ltr'><strong>attigissent,</strong></span> <span class='ocrx_word' id='word_1_762' title='bbox 2500 5676 2602 5716; x_wconf 90' lang='lat' dir='ltr'><strong>nec</strong></span> <span class='ocrx_word' id='word_1_763' title='bbox 2658 5661 2806 5731; x_wconf 88' lang='lat' dir='ltr'><strong>ipsos</strong></span> <span class='ocrx_word' id='word_1_764' title='bbox 2856 5659 3071 5731; x_wconf 88' lang='lat' dir='ltr'><strong>jejunio</strong></span> <span class='ocrx_word' id='word_1_765' title='bbox 3128 5658 3387 5729; x_wconf 85' lang='lat' dir='ltr'><strong>castigari</strong></span> <span class='ocrx_word' id='word_1_766' title='bbox 3441 5659 3675 5729; x_wconf 83' lang='lat' dir='ltr'><strong>amplius</strong></span> 
     </span>
    </p>
   </div>
   <div class='ocr_carea' id='block_1_118' title="bbox 2099 5751 3673 5822">
    <p class='ocr_par' dir='ltr' id='par_1_118' title="bbox 2099 5751 3673 5822">
     <span class='ocr_line' id='line_1_118' title="bbox 2099 5751 3673 5822; baseline -0.001 -17"><span class='ocrx_word' id='word_1_767' title='bbox 2099 5760 2398 5822; x_wconf 88' lang='lat' dir='ltr'><strong>oporteret,</strong></span> <span class='ocrx_word' id='word_1_768' title='bbox 2436 5752 2635 5807; x_wconf 80' lang='lat' dir='ltr'><strong>tradita</strong></span> <span class='ocrx_word' id='word_1_769' title='bbox 2664 5751 2871 5822; x_wconf 85' lang='lat' dir='ltr'><strong>jejunia</strong></span> <span class='ocrx_word' id='word_1_770' title='bbox 2907 5752 3195 5817; x_wconf 80' lang='lat' dir='ltr'><strong>violarent,</strong></span> <span class='ocrx_word' id='word_1_771' title='bbox 3227 5753 3376 5806; x_wconf 91' lang='lat' dir='ltr'><strong>hunc</strong></span> <span class='ocrx_word' id='word_1_772' title='bbox 3410 5766 3673 5805; x_wconf 86' lang='lat' dir='ltr'><strong>canoncm</strong></span> 
     </span>
    </p>
   </div>
   <div class='ocr_carea' id='block_1_119' title="bbox 2100 5839 3670 5918">
    <p class='ocr_par' dir='ltr' id='par_1_119' title="bbox 2100 5839 3670 5918">
     <span class='ocr_line' id='line_1_119' title="bbox 2100 5839 3670 5918; baseline -0.005 -15"><span class='ocrx_word' id='word_1_773' title='bbox 2100 5845 2342 5917; x_wconf 82' lang='lat' dir='ltr'><strong>synodus</strong></span> <span class='ocrx_word' id='word_1_774' title='bbox 2372 5843 2756 5917; x_wconf 81' lang='lat' dir='ltr'><strong>promulgavit,</strong></span> <span class='ocrx_word' id='word_1_775' title='bbox 2788 5858 3013 5916; x_wconf 70' lang='lat' dir='ltr'><strong>easque,</strong></span> <span class='ocrx_word' id='word_1_776' title='bbox 3046 5844 3138 5917; x_wconf 89' lang='lat' dir='ltr'><strong>qui</strong></span> <span class='ocrx_word' id='word_1_777' title='bbox 3180 5843 3391 5918; x_wconf 73' lang='lat' dir='ltr'><strong>jejunia</strong></span> <span class='ocrx_word' id='word_1_778' title='bbox 3438 5857 3468 5899; x_wconf 88' lang='lat' dir='ltr'><strong>a</strong></span> <span class='ocrx_word' id='word_1_779' title='bbox 3497 5839 3670 5913; x_wconf 81' lang='lat' dir='ltr'><strong>majo-</strong></span> 
     </span>
    </p>
   </div>
  </div>
