4076 6390
251 3187 258 3191 ,
356 3134 452 3183 καὶ
487 3132 605 3184 τόδε
634 3131 1038 3201 ἀποδεχόμεθα,
1069 3131 1166 3184 καὶ
1202 3132 1325 3184 τόδε

364 433 504 501 1269

442 573 461 605 ι
490 552 586 606 τοῦ
618 551 870 621 σώματος
897 550 1228 623 ἀπερίεργον
1276 548 1609 615 ἐπαινοῦμεν
1636 559 1649 573 ·
1715 539 1815 602 τὰς
1874 535 1931 588 δὲ
1969 537 2011 592 Δ

444 669 462 696 ι
505 644 769 707 ἐκλύτους
791 644 889 696 καὶ
918 643 1305 713 τεθρυμμένας
1341 641 1397 691 ἐν
1435 640 1501 709 τῇ
1555 636 1744 705 ἐσθῆτι
1800 649 1939 702 προ-

442 755 460 787 t
491 736 643 805 ὁδους
665 734 1141 803 ἀποστρεφόμεθα,
1179 732 1276 786 καὶ
1307 732 1434 793 τοὺς
1457 728 1639 789 οἴκους
1671 725 1764 779 τοῦ
1799 722 1937 777 Θεοῦ

437 847 456 879 ι
490 829 764 897 τιμῶμεν,
807 829 898 881 καὶ
918 826 1017 888 τὰς
1052 826 1325 886 συνόδους,
1378 823 1481 886 τὰς
1512 822 1597 875 ἐπ’
1629 820 1836 882 αὐτοῖς,
1860 817 1937 881 ὡς

437 939 456 972 ι
495 922 655 988 ἁγίας
675 921 769 974 καὶ
795 921 1099 988 ὲπωφελεῖς
1121 917 1505 987 ἀσπαζόμεθα,
1531 915 1593 970 οὐ
1621 911 1934 982 συγκλείον-

434 1029 455 1063 ι
490 1029 581 1073 τες
620 1011 720 1082 τὴν
754 1012 1042 1065 εὐσέϐειαν
1080 1013 1140 1064 ἐν
1212 1014 1325 1072 τοῖς
1363 1009 1557 1072 οἴκοις,
1587 1008 1725 1061 ἀλλά
1756 1005 1940 1058 πάντα

436 1122 453 1155 ι
491 1105 658 1157 τόπον
714 1103 807 1156 τὸν
863 1105 924 1156 ἐν
983 1102 1322 1174 ὀνόματιτοῦ
1342 1100 1478 1154 Θεοῦ
1509 1098 1942 1169 οἰκοδομηθέντα.

436 1216 451 1247 ι
497 1199 788 1263 τιμῶντες,
824 1197 921 1250 καὶ
975 1198 1073 1267 τὴν
1123 1199 1180 1251 ἐν
1212 1197 1349 1267 αὐτῇ
1402 1197 1470 1265 τῇ
1506 1194 1777 1262 ἐκκλησίᾳ.
1808 1208 1938 1244 συν-

438 1307 456 1340 t
493 1289 706 1342 έλευσιν
732 1291 812 1351 είς
860 1289 1131 1358 ὠφέλειαν
1179 1289 1276 1342 τοῦ
1333 1286 1519 1342 κοινοῦ
1569 1284 1937 1358 προσιέμεθα,

433 1401 451 1432 ι
486 1381 580 1435 καὶ
612 1381 714 1443 τὰς
745 1380 870 1434 καθ’
898 1381 1214 1451 ὑπερϐολὴν
1246 1380 1496 1442 εὐποιίας
1526 1379 1634 1432 τῶν
1664 1377 1934 1445 ἀδελφῶν,

434 1491 452 1525 ι
486 1473 559 1536 ὡς
575 1475 674 1538 τὰς
702 1473 844 1528 κατά
866 1475 964 1536 τάς
988 1474 1315 1545 παραδόσεις
1345 1473 1435 1526 διὰ
1464 1474 1563 1544 τῆς
1602 1470 1937 1541 Ἐκκλησίας

434 1585 451 1618 ι
489 1567 571 1629 εἰς
596 1565 726 1629 τοὺς
758 1565 1013 1636 πτωχοὺς
1041 1567 1358 1637 γινομένας,
1391 1564 1806 1636 μακαρίζομεν,
1841 1563 1937 1617 καὶ

434 1680 453 1712 ι
495 1660 699 1724 πάντα,
735 1657 1069 1722 συνελόντως
1098 1660 1297 1724 εἰπεῖν,
1323 1661 1391 1712 τὰ
1417 1657 1801 1729 παραδοθέντα
1830 1655 1941 1710 ὑπὸ

354 1734 363 1741 ’
436 1771 457 1806 ι
490 1751 601 1805 τῶν
634 1751 797 1805 θείων
840 1751 1078 1822 Γραφῶν
1100 1752 1195 1806 καὶ
1213 1751 1324 1805 τῶν
1349 1751 1730 1807 ἀποστολικῶν
1750 1767 1938 1824 παρα-

431 1864 451 1898 ι
495 1845 714 1911 δόσεων,
738 1846 796 1897 ἐν
818 1847 883 1914 τῇ
928 1844 1222 1916 Ἐκκλησία
1240 1846 1487 1912 γίνεσθαι
1524 1844 1854 1915 εὐχόμεθα.»

423 1896 1015 1989 aristaeus”;
1046 1896 1722 2005 τιζιάᾨὶῑέννοέέέξομέᾀῶᾀ
1741 1896 1940 2005 tua-
1970 1896 2013 1952 Β

353 2043 465 2079 των
492 2025 673 2094 ἔργων
696 2025 747 2077 oi
773 2026 873 2094 τῆς
914 2024 1136 2079 συνόδου
1182 2023 1390 2094 ταύτης
1441 2023 1798 2089 κωλύσαντες
1855 2023 1941 2093 γί-

354 2116 545 2171 νεσθαι
578 2117 729 2189 παρὰ
759 2118 870 2171 τῶν
914 2113 1279 2183 πιστῶν,οἷον
1325 2118 1387 2171 τὸ
1442 2117 1827 2190 παρθενεύειν,
1863 2119 1941 2182 ὡς

350 2212 498 2282 τάχα
529 2210 624 2265 τοῦ
650 2212 831 2282 γάμου
860 2212 996 2281 πρὸς
1024 2211 1305 2281 σωτηρίαν
1321 2210 1498 2281 ψυχῆς
1529 2211 1938 2281 ἐμποδίζοντος,

350 2301 415 2355 τὸ
442 2301 515 2370 μὴ
556 2301 843 2372 νηστεύειν
887 2301 948 2355 ἐν
1003 2300 1251 2373 ἡμέραις
1306 2295 1396 2363 αἷς
1443 2300 1854 2372 ἀπαγορεύεται
1906 2303 1940 2373 ἡ

350 2392 605 2461 νηστεία,
638 2392 696 2446 τὸ
715 2391 866 2446 λύειν
904 2391 999 2446 τὸν
1030 2392 1209 2461 γάμον
1237 2393 1326 2445 διά
1356 2392 1626 2447 δοκοῦσαν
1679 2395 1939 2465 ἄσκησιν,

350 2485 414 2538 τὸ
442 2485 517 2555 μὴ
549 2485 960 2555 τεκνοτροφεῖν,
995 2483 1028 2554 ἢ
1067 2484 1433 2555 γηροϐοσκεῖν
1459 2486 1587 2549 τοὺς
1616 2487 1821 2555 γονεῖς,
1854 2485 1945 2541 διὰ

350 2579 453 2641 τὴν
482 2577 584 2644 τῆς
616 2576 822 2647 ἀρετῆς
853 2576 995 2647 τάχα
1053 2577 1343 2646 ἐργασίαν,
1401 2577 1499 2631 καὶ
1535 2578 1634 2631 ὅσα
1662 2577 1897 2633 τοιαῦτα
1923 2595 1941 2615 ο

350 2671 449 2724 νῦν
480 2668 625 2738 ὑπὲρ
653 2669 860 2723 τούτων
902 2669 1307 2738 ἀπολογοῦνται
1343 2668 1601 2737 λέγοντες
1648 2671 1734 2724 ὅτι
1759 2670 1948 2727 Ταῦτα

350 2759 638 2830 ὡρίσαμεν
669 2801 683 2821 ,
746 2762 869 2830 οὐχὶ
913 2764 1042 2825 τοὺς
1091 2763 1282 2816 ἀσκεῖν
1338 2762 1699 2833 αἱρουμένους
1747 2766 1949 2819 ἀνακόη

353 2870 599 2920 πτοντες,
643 2853 781 2907 ἀλλά
843 2855 973 2917 τοὺς
1005 2854 1093 2909 διὰ
1144 2855 1305 2908 τοῦτο
1362 2857 1946 2925 ὐπερηφανευομένους

354 2946 452 2999 καὶ
516 2947 933 3014 ἐπαιρομένους,
987 2947 1081 2998 καῖ⁸
1134 2948 1299 2999 καινά
1342 2964 1463 2999 τινα
1488 2947 1640 3012 παρά
1669 2947 1766 3009 τὰς
1795 2946 1949 3009 θείας

354 3038 578 3107 Γραφάς
598 3038 939 3106 εἰσάγοντας,
955 3037 1170 3107 διορθού
1182 3055 1353 3108 μενοι.
1372 3039 1561 3107 Ἡμεῖς
1584 3040 1693 3108 γὰρ
1712 3041 1807 3093 καὶ
1826 3040 1947 3093 τόδε

1403 3130 1788 3201 θαυμάζομεν,
1851 3131 1946 3185 καὶ

1428 429 1508 488 1N-
1541 424 1710 489 CAN.
1754 420 1888 482 xm
1930 392 2142 482 CONC.
2185 423 2477 485 GANGR.

3491 420 3627 484 1270

2118 558 2137 591 ι
2174 541 2377 596 riosam
2408 556 2473 596 ac
2501 556 2813 613 operosam,
2833 546 3122 601 laudamus
3154 564 3168 600 :
3198 546 3497 604 dissolutos
3528 566 3651 603 au-r

2121 653 2140 686 ι
2179 643 2284 690 tem
2314 644 2368 690 et
2394 635 2586 693 molles
2629 636 2685 692 in
2712 637 2955 695 vestibus
2985 640 3238 697 incessus
3267 655 3589 697 aversantur
3609 662 3637 710 ;t

2127 748 2146 781 ‹
2190 739 2244 784 et
2274 730 2469 785 domos
2514 730 2611 785 Dei
2656 731 3012 799 honoramus,
3050 742 3103 788 et
3137 735 3227 803 qui
3267 734 3404 787 ﬁunt
3450 734 3501 790 in
3558 738 3628 791 iis

2120 842 2139 876 ι
2179 832 2482 881 conventus
2532 832 2591 880 ut
2639 834 2861 880 sanctos
2894 835 2949 880 et
3006 826 3167 881 utiles
3215 829 3625 897 amplectimur,

2122 936 2140 970 ι
2185 933 2293 973 non
2328 920 2585 990 pietatem
2616 920 2669 973 in
2699 919 2952 975 domibus
2985 919 3347 983 includentes,
3380 922 3476 976 sed
3510 937 3629 974 om-

2122 1026 2143 1061 ι
2188 1024 2310 1064 nem
2348 1011 2529 1066 locum
2566 1012 2620 1065 in
2676 1010 2770 1066 Dei
2820 1012 3043 1065 nomine
3094 1012 3417 1067 aediﬁcatum
3454 1012 3629 1066 Itono-

2121 1122 2139 1153 ι
2182 1111 2404 1170 rantes;
2438 1110 2642 1173 etquae
2692 1103 2765 1167 ﬁt“;
2799 1104 2852 1157 in
2894 1104 3006 1172 ipsa
3046 1105 3279 1159 ecclesia
3317 1106 3628 1170 congressi-

2121 1212 2155 1263 C‘
2188 1208 2350 1250 onem
2412 1194 2481 1249 ad
2558 1195 2759 1265 publici
2818 1195 3112 1251 utilitatem
3178 1197 3515 1265 recipimus;
3571 1205 3631 1250 et

2122 1300 2144 1335 ιι
2180 1284 2430 1354 insignes
2475 1285 2707 1340 fratrum
2759 1286 3169 1351 beneficentias,
3205 1302 3327 1354 quae
3362 1298 3624 1357 tanquam

2119 1388 2140 1423 ι
2180 1373 2486 1431 secundum
2525 1375 2849 1432 traditiones
2901 1375 3035 1430 ﬁunt
3074 1392 3172 1447 per
3208 1376 3511 1433 Ecclesium
3566 1379 3639 1433 in.

2116 1482 2137 1517 ι
2179 1480 2468 1536 pauperes,
2495 1467 2810 1535 laudamus;
2842 1477 2897 1524 et
2928 1479 2985 1525 ut
3010 1470 3177 1526 semel
3206 1472 3477 1540 dicamus,
3506 1486 3629 1544 qua:

2122 1576 2142 1612 ι
2179 1573 2207 1614 a
2239 1561 2436 1617 divinis
2465 1560 2765 1630 Scripturis
2795 1570 2850 1619 et
2883 1564 3203 1633 apostolicis
3236 1566 3626 1622 traditionibus

2119 1669 2141 1704 ι
2179 1655 2561 1711 commendata
2583 1660 2733 1723 sunt,
2767 1657 2822 1711 in
2854 1656 3098 1712 Ecclesia
3137 1658 3253 1714 fieri
3287 1666 3565 1728 optamus.
3597 1675 3621 1711 ι

2111 1924 2309 1981 BALS.
2359 1917 2413 1982 ét
2466 1924 2722 1983 ZONAR.
2773 1925 2910 1981 Cum
2960 1927 3210 1997 qumdam
3257 1941 3448 1999 opera,
3503 1942 3633 1997 quat

2041 2024 2185 2078 bona
2216 2028 2277 2077 et
2319 2036 2384 2076 ex
2420 2019 2623 2075 virtute
2651 2018 3059 2083 existimantur,
3094 2020 3262 2091 hujus
3290 2020 3493 2093 synodi
3522 2021 3627 2079 Pa-

2044 2122 2158 2169 tres
2197 2126 2228 2167 a
2262 2112 2523 2168 ﬁdelibus
2553 2112 2671 2166 fieri
2707 2111 3128 2180 prohibuerint;
3164 2120 3219 2166 ut
3253 2112 3623 2183 virginitatem

2042 2221 2280 2274 servare,
2317 2214 2503 2275 utpote
2542 2218 2665 2261 cum
2695 2207 3105 2261 matrimonium
3139 2206 3209 2260 ad
3244 2208 3475 2262 salutem
3507 2206 3629 2261 ani-

2045 2317 2147 2357 mae
2195 2301 2645 2371 impedimentum
2695 2299 2922 2367 aderat;
2976 2315 3084 2353 non
3113 2299 3364 2369 jejunarc
3404 2299 3626 2365 diebus,

2044 2394 2246 2463 quibus
2272 2393 2610 2465 prohibitum
2655 2402 2741 2448 est
2765 2392 3035 2465 jejunium
3060 2411 3075 2455 ;-
3104 2394 3317 2447 solvere
3346 2394 3631 2446 matrima.

2045 2489 2198 2542 nium
2254 2494 2478 2557 propter
2521 2500 2649 2541 eam
2690 2501 2810 2555 quae
2866 2473 3083 2539 videtur
3133 2484 3626 2549 exercitatimiem;

2047 2592 2156 2634 non
2211 2579 2359 2633 alere
2407 2577 2612 2633 liberos
2659 2576 2749 2631 vel
2797 2589 3075 2647 parentes,
3134 2585 3356 2648 propter
3410 2577 3636 2632 virtutis

2046 2672 2368 2727 exercitium
2419 2687 2435 2735 ;
2466 2678 2521 2725 et
2567 2685 2912 2741 quacunque
2966 2676 3099 2725 sunt
3129 2670 3403 2735 ejusmodi
3439 2682 3452 2728 :
3486 2685 3632 2725 nunc

2051 2775 2149 2831 pro
2201 2761 2270 2815 iis
2314 2760 2651 2831 respondent
2696 2760 2988 2829 dicentes:
3023 2759 3177 2826 Quod
3216 2761 3329 2814 haec
3384 2759 3632 2816 decrevi-

2050 2868 2196 2915 mus,
2247 2868 2356 2907 non
2388 2856 2515 2917 eos,
2556 2852 2649 2920 qui
2684 2852 2874 2906 volunt
2925 2866 3206 2917 exercere,
3244 2864 3627 2922 amputantcs,

2049 2946 2144 3001 sed
2184 2960 2302 3011 eos,
2350 2944 2442 3013 qui
2469 2954 2754 3015 propterea
2793 2944 3014 3014 superbi
3053 2956 3107 2999 et
3139 2946 3439 3002 insolentes
3473 2949 3631 3013 ﬁunt,

2048 3045 2104 3090 et
2135 3050 2274 3089 nova
2313 3035 2562 3104 quaedam
2614 3047 2815 3105 praeter
2855 3035 3071 3091 divinas
3104 3035 3423 3106 Scripturas
3459 3039 3634 3093 intro-

2049 3126 2283 3195 ducunt,
2343 3127 2707 3198 corrigentes.
2744 3125 2858 3184 Nos
2918 3128 3066 3183 enim
3108 3135 3163 3182 et
3222 3128 3328 3184 hoc
3384 3137 3440 3185 et
3494 3129 3632 3185 illud

358 3224 558 3289 ἐφεξῆς
587 3226 689 3277 ὅσα
718 3225 905 3287 αὐτοῖς
936 3224 1308 3294 ἀριθμοῦμεν,
1340 3224 1439 3277 καὶ
1468 3224 1744 3295 εὐχόμεθα
1763 3226 1945 3280 πάντα

2055 3220 2375 3290 recipimus,
2426 3228 2481 3275 et
2527 3220 2629 3275 hoc
2692 3221 3056 3285 admiramur,
3128 3221 3295 3293 527
3343 3231 3397 3278 et
3439 3223 3634 3278 eodem

357 3318 608 3386 γίνεσθαι
644 3319 787 3372 κατά
821 3319 921 3381 τὰς
947 3319 1098 3382 θείας
1124 3318 1352 3388 Γραφάς
1393 3318 1493 3372 καὶ
1556 3319 1655 3383 τὰς
1706 3321 1946 3390 παραδό-

359 3428 475 3475 σεις
498 3414 599 3475 τὰς
640 3412 1014 3475 ἀποστολικάς
1048 3427 1061 3442 °
1104 3412 1194 3466 διὰ
1248 3413 1346 3483 μὲν
1376 3412 1489 3466 τῶν
1520 3413 1681 3467 θείων
1714 3415 1947 3485 Γραφῶν

357 3506 539 3559 πάντα
571 3506 637 3559 τὰ
661 3507 958 3576 ἐγγράφως
990 3507 1365 3573 ἐντεταλμένα
1390 3510 1504 3571 τοῖς
1529 3511 1744 3572 πιστοῖς
1771 3509 1871 3563 ὐπε
1882 3527 1947 3582 μ-

357 3602 649 3669 φήναντες,
688 3601 779 3653 διά
809 3601 866 3654 δὲ
904 3601 1016 3654 τῶν
1054 3602 1415 3671 παραδόσεων
1450 3603 1519 3655 τὰ
1535 3603 1647 3655 τῶν
1672 3604 1944 3671 ἀγράφων

356 3691 495 3746 ἐθῶν
529 3691 886 3758 αἰνιξάμενοι.
919 3693 1027 3745 Καὶ
1064 3692 1129 3745 τά
1157 3692 1382 3763 ἄγραφα
1413 3694 1523 3763 γὰρ
1550 3694 1646 3763 ἔθη
1678 3697 1745 3747 τὰ
1773 3697 1950 3767 χρόνῳ

355 3784 762 3854 δοκιμασθέντα
783 3784 877 3837 καὶ
912 3784 1251 3854 κυρωθέντα,
1306 3786 1400 3838 καὶ
1442 3787 1489 3839 oi
1520 3787 1619 3856 τῆς
1646 3787 1926 3852 πολιτείας

354 3884 512 3953 νόμοι
536 3882 756 3950 κρατεῖν
781 3895 840 3930 τε
868 3880 962 3930 καὶ
983 3880 1225 3947 ἐνεργεῖν
1246 3878 1586 3945 θεσπίζουσι,
1618 3880 1709 3933 καὶ
1734 3881 1784 3933 oi
1812 3880 1948 3936 θεῖοι

356 3973 759 4045 κανόνες.“Κα“ι
794 3974 820 4024 ό
858 3971 1034 4048 μέγας
1080 3972 1149 4023 τά
1215 3971 1399 4023 πάντα
1473 3971 1761 4037 Βασίλειος
1819 3976 1948 4044 περὶ

354 4072 455 4133 τῆς
493 4067 701 4120 τούτων
734 4064 987 4134 φυλακῆς
1028 4064 1239 4135 μακρὸν
1305 4066 1589 4119 ἀποτείνει
1633 4067 1727 4120 τὸν
1786 4066 1948 4136 λόγον

358 4165 416 4219 ἐν
447 4162 729 4229 διαφόρονς
764 4160 944 4226 λόγοις
975 4158 1163 4213 αὐτοῦ.
1362 4212 1367 4217 ,

430 4253 656 4307 ΑΡΙΣΤ.
696 4252 801 4305 «Ἥ
856 4251 1107 4322 παροῦσα
1142 4250 1382 4317 σύνοδος,
1414 4253 1507 4306 καὶ
1536 4254 1604 4307 δι’
1652 4254 1818 4319 ἄλλας
1848 4257 1947 4324 μὲν

359 4347 823 4416 ἐκκλησιαστικάς
891 4345 1077 4415 χρείας
1141 4344 1497 4410 συνελθοῦσα,
1552 4347 1842 4418 ζητήσασα
1888 4350 1945 4404 δὲ

359 4443 453 4495 καὶ
514 4441 583 4493 τὰ
634 4440 777 4493 κατά
832 4439 922 4492 τὸν
982 4438 1305 4502 Εὐστάθιον,
1348 4441 1445 4492 καὶ
1494 4440 1733 4510 εὑροῦσα
1775 4444 1943 4497 πολλᾶ

358 4535 617 4604 ἀθέσμως
645 4532 749 4585 ὐπό
776 4532 885 4584 τῶν
915 4531 1045 4599 περὶ
1098 4530 1261 4585 αὐτὸν
1288 4531 1379 4584 τὸν
1430 4533 1734 4587 Εὐστὰθιον
1792 4537 1940 4603 γινό-

364 4646 526 4689 μενα,
560 4626 688 4688 τοὺς
719 4624 950 4687 κανόνας
976 4624 1201 4681 τούτους
1235 4624 1470 4689 ἐξέθετο,
1501 4625 1588 4679 ἵνα
1620 4626 1694 4697 μὴ
1736 4629 1813 4690 είς
1845 4631 1941 4699 τὴν

360 4716 571 4783 αἵρεσιν
605 4707 805 4768 αὐτῶν,
833 4711 950 4780 ἦτοι
982 4710 1091 4763 τῶν
1126 4712 1528 4765 Μασσκλιανῶν
1559 4733 1615 4767 τε
1652 4717 1743 4769 καὶ
1780 4718 1942 4788 Εὺχι-

359 4809 493 4869 τῶν,
542 4805 927 4874 ἐμπίπτωελεν.
976 4797 1132 4856 Οὗτοι
1189 4804 1298 4874 γὰρ
1345 4806 1439 4858 καὶ
1493 4807 1723 4875 νόμιμον
1762 4811 1943 4878 γάμον

360 4897 635 4961 ἀθετοῦσι,
666 4895 761 4949 καλ¹
793 4898 927 4962 κρέα
952 4894 1348 4965 βδελύττονται,
1375 4894 1482 4948 τῶν
1513 4897 1818 4968 ἐκκλησιῶν
1847 4900 1943 4951 καὶ

360 4994 469 5047 τῶν
501 4991 904 5061 θυσιαστηρίων
933 4988 1337 5058 καταφρονοῦσι
1392 4990 1484 5042 καὶ
1516 4992 1622 5045 τῶν
1648 4993 1735 5045 ἐπ’
1760 4993 1943 5056 αὐτοῖς

363 5086 668 5157 γινομένων
700 5082 971 5146 συνάξεων
1002 5097 1015 5111 °
1050 5085 1145 5136 καὶ
1180 5082 1284 5153 ἰδίᾳ
1323 5084 1726 5151 ἐκκλησιάζειν,
1767 5088 1860 5140 καὶ
1886 5089 1944 5141 ἐν

363 5181 477 5242 τοῖς
505 5177 814 5246 εὐκτηρίοις
846 5174 1025 5229 αὐτῶν
1054 5173 1400 5227 διδάσκουσιν
1431 5172 1709 5246 εὔχεσθαι,
1743 5177 1837 5229 καὶ
1864 5177 1945 5230 δι-

364 5264 659 5329 δασκαλίας
684 5263 841 5330 ἰδίας,
877 5262 971 5316 καὶ
996 5253 1244 5327 συνάξεις
1267 5262 1598 5331 ποιούμενοι,
1630 5265 1781 5336 παρά
1806 5264 1948 5333 γνώ-

371 5375 478 5426 μην
537 5357 837 5411 ἐπισκόπου
869 5355 902 5427 ἢ
962 5355 1328 5425 πρεσϐυτέρου
1361 5354 1430 5408 τά
1461 5356 1559 5423 τῆς
1606 5354 1946 5426 Ἐκκλησίας

367 5447 581 5503 τελοῦσι
615 5451 910 5519 μυστήριαυ
946 5448 1041 5502 καὶ
1076 5447 1262 5512 ἁπλῶς
1300 5448 1481 5500 πάντα
1512 5448 1714 5502 κανόνα
1750 5450 1949 5521 ἐκκλη-

369 5543 648 5596 σιαστικὸν
674 5542 1126 5613 παραϐαίνοντες,
1150 5541 1349 5609 νόμους
1376 5539 1590 5611 ἔχουσιν
1622 5541 1947 5608 ίδιάζοντας,

372 5636 576 5703 μᾶλλον
609 5636 665 5688 δὲ
699 5635 929 5697 ἕκαστος
960 5635 1179 5709 αὐτῶν,
1231 5630 1367 5703 ὅπερ
1403 5635 1469 5688 ἂν
1524 5634 1805 5705 ἐνθυμηθῇ
1853 5637 1948 5689 ἐπὶ

369 5727 590 5798 διαϐολῇ
641 5728 743 5797 τῆς
804 5725 1130 5794 Ἐκκλησίας
1182 5726 1272 5778 καὶ
1316 5724 1511 5782 ἑαυτοῦ
1560 5726 1753 5798 βλάϐῃ,
1788 5726 1947 5780 τοῦτο

373 5819 721 5890 προστίθησι.
750 5821 846 5874 Διά
873 5818 1046 5872 ταῦτα
1075 5817 1168 5871 οῦν
1200 5819 1231 5886 ἡ
1260 5818 1392 5884 ἁγία
1429 5817 1570 5890 αῦτη
1606 5818 1823 5881 σύνοδος
1849 5820 1946 5887 τῆς

375 5910 636 5979 αἱρέσεως
675 5910 849 5968 αὐτῶν
892 5910 1148 5979 und/3';
1183 5910 1410 5980 ταμένη,
1447 5910 1538 5963 καὶ
1594 5908 1778 5964 τούσδε
1822 5909 1949 5974 τοὺς

2051 3331 2160 3386 quo
2192 3312 2266 3368 illi
2298 3313 2492 3368 ordine
2547 3314 2850 3378 habemus,
2915 3321 2969 3368 ct
3006 3314 3191 3369 omnia
3234 3316 3348 3370 lieri
3378 3324 3636 3386 optamus

2052 3407 2357 3464 secundum
2387 3406 2603 3462 divinas
2631 3405 2948 3475 Scripturas
2981 3414 3032 3461 ct
3064 3407 3386 3464 traditiones
3415 3420 3640 3480 aposto.

2052 3500 2230 3556 licas:
2274 3516 2369 3570 per
2413 3501 2630 3555 divinas
2661 3501 2880 3571 quidem
2930 3483 3248 3570 Scripturas
3277 3505 3485 3567 omnia,
3517 3521 3638 3573 qum

2054 3595 2312 3652 ﬁdelibus
2363 3595 2417 3649 in
2455 3595 2678 3664 scriptis
2730 3595 2985 3649 mandata
3037 3605 3189 3656 sunt.
3222 3596 3633 3665 significantes;

2051 3703 2150 3757 per
2184 3686 2511 3741 traditiones
2547 3696 2727 3740 autem
2762 3700 2870 3739 non
2904 3685 3142 3753 scriptos
3176 3702 3356 3741 met-cs
3402 3687 3638 3741 innuen-

2054 3786 2157 3833 tcs.
2185 3776 2306 3832 Non
2366 3777 2605 3846 scriptos
2632 3776 2777 3831 enim
2813 3791 2997 3832 mores
3030 3785 3273 3847 tempore
3303 3781 3637 3848 approbatos

2051 3880 2105 3925 ct
2140 3872 2520 3931 confirmatos,
2559 3870 2703 3940 leges
2753 3883 2977 3938 quoque
3031 3870 3222 3925 civiles
3271 3871 3553 3926 observari
3583 3880 3640 3925 et

2052 3965 2235 4019 valere
2280 3964 2611 4030 decernunt,
2662 3972 2713 4020 et
2767 3963 2939 4018 divini
2988 3979 3252 4019 canones.
3289 3963 3356 4019 Et
3403 3979 3638 4035 magnus

2051 4059 2215 4112 etiam
2251 4057 2306 4113 in
2350 4060 2517 4113 rebus
2553 4057 2805 4112 omnibus
2840 4056 3077 4112 Basilius
3127 4058 3193 4111 tle
3226 4073 3417 4111 eorum
3450 4060 3642 4115 obser-

2051 4154 2275 4208 vatione
2307 4152 2362 4206 in
2395 4150 2583 4205 multis
2615 4153 2735 4206 suis
2773 4150 3118 4205 orationibus
3153 4149 3273 4206 fuse
3311 4153 3576 4221 loquitur.

2123 4247 2351 4302 ARIST.
2383 4246 2475 4299 «In
2494 4260 2668 4299 omnes
2690 4244 2950 4300 Canones.
2984 4241 3107 4298 llaec
3130 4260 3372 4313 praesens
3396 4247 3638 4317 synodus

2051 4345 2103 4390 et
2139 4344 2362 4406 propter
2397 4334 2535 4389 alias
2586 4334 2997 4387 ecclesiasticas
3025 4341 3214 4386 coacta
3250 4336 3636 4400 necessitates,

2050 4424 2339 4493 inquirens
2373 4423 2538 4477 etiam
2574 4422 2629 4475 in
2668 4437 2729 4476 ea
2764 4438 2884 4491 qua:
2915 4424 2980 4474 atl
3008 4421 3355 4477 Eustathium
3394 4425 3643 4495 pertinc-t

2054 4517 2205 4582 baut,
2266 4523 2320 4570 et
2369 4515 2656 4570 inveniens
2710 4514 2878 4569 multa
2954 4516 3021 4571 ab
3082 4516 3357 4571 Enstathii
3410 4518 3639 4573 asseclis

2054 4608 2256 4676 injuste
2296 4606 2435 4660 facta
2459 4647 2473 4672 ,
2510 4604 2678 4660 hosce
2708 4620 2950 4660 canones
2998 4606 3279 4676 eXposuit,
3314 4623 3381 4661 ne
3419 4607 3471 4661 in
3507 4607 3643 4662 iszo-

2056 4718 2174 4755 rum
2210 4701 2291 4755 vel
2336 4702 2500 4755 etiam
2537 4698 2994 4756 Massalianorum
3041 4708 3095 4755 et
3131 4699 3492 4755 Euchitarnm
3524 4700 3638 4754 hae-

2056 4796 2219 4847 resim
2282 4792 2679 4847 incideremus.
2735 4790 2797 4844 ili
2865 4792 3012 4846 enim
3078 4792 3351 4862 legitimas
3417 4791 3639 4861 nuptias

2055 4886 2440 4949 criminantur,
2465 4894 2519 4937 ct
2543 4899 2759 4938 carnem
2784 4884 3149 4949 detestantur,
3172 4882 3439 4939 ecclesias
3459 4893 3638 4938 autem

2055 4986 2108 5031 ct
2138 4978 2329 5030 altaria
2363 4976 2701 5044 contemptui
2728 4975 2953 5040 habent,
2987 4985 3048 5031 ut
3073 4985 3124 5031 et
3149 4984 3456 5031 conventus
3488 4976 3542 5028 in
3570 4975 3639 5029 iis

2056 5069 2225 5124 factos
2269 5086 2282 5122 :
2317 5058 2370 5122 et
2399 5067 2651 5135 privatim
2687 5066 3032 5133 concionari,
3065 5068 3201 5123 etin
3230 5068 3346 5123 suis
3378 5067 3639 5125 oratoriis

2056 5168 2268 5236 precari
2294 5162 2515 5227 docent,
2539 5171 2593 5216 et
2616 5162 2858 5230 privatas
2887 5162 3282 5217 instructiones
3308 5170 3361 5217 et
3395 5175 3637 5217 conven-

2057 5255 2222 5310 ticula
2264 5254 2534 5310 facientes
2562 5261 2761 5324 praeter
2806 5253 3048 5325 episcOpi
3078 5264 3174 5308 aut
3204 5252 3505 5324 presbyteri
3538 5268 3638 5308 vo-

2058 5349 2318 5403 luntatem
2352 5345 2734 5402 ecclesiastica
2783 5345 3067 5401 celebrant
3099 5347 3362 5418 mysteria
3394 5362 3407 5411 ;
3437 5354 3491 5400 et
3523 5361 3640 5400 om-

2058 5458 2181 5498 nem
2212 5441 2437 5495 omnino
2484 5436 2926 5495 ecclesiasticum
2955 5438 3336 5493 transilientcs
3367 5451 3635 5491 canonum

2060 5536 2300 5606 privatas
2360 5533 2568 5588 habent
2628 5533 2811 5602 legcs,
2870 5532 2955 5586 vel
3015 5532 3195 5601 positis
3257 5530 3640 5599 unusquisque

2058 5644 2247 5682 eorum
2280 5626 2545 5699 quidquid
2580 5628 2645 5682 ad
2677 5624 2935 5680 Ecclesia:
2978 5623 3347 5689 calumniam,
3384 5631 3435 5675 ct
3466 5623 3638 5691 ipsius

2060 5720 2449 5775 tlvtrimentum
2484 5720 2671 5774 animo
2697 5718 2961 5787 concipit,
3001 5715 3131 5771 illud
3164 5714 3392 5787 profert.
3428 5714 3639 5770 Livii-co

2058 5826 2249 5869 sancta
2286 5817 2398 5869 lucc
2433 5813 2675 5886 synodus
2707 5829 2831 5868 cum
2868 5812 3120 5867 hmresim
3149 5827 3339 5863 eorum
3374 5826 3474 5871 suo
3515 5807 3635 5862 sui-

2058 5908 2230 5978 fragio
2248 5907 2692 5974 condemnasset,
2722 5916 2775 5962 ct
2804 5906 2970 5963 hosce
2994 5907 3338 5975 exposuisset
3377 5915 3638 5967 canones,
