4076 6410
451 410 582 477 1271

1719 420 1998 482 TllEOl).
2034 422 2439 483 BALSAMON

3570 427 3709 494 1'27?

446 541 542 583 eos
572 535 726 583 extra
779 528 1078 584 Ecclesiam
1134 543 1255 585 esse
1301 530 1514 587 statuit.
1562 531 1619 586 Si
1667 531 1793 602 quis
1832 532 2016 603 itaque

2126 533 2353 598 κανόνας
2385 531 2679 605 ὲκθεμένη,
2719 535 2874 598 ἐκτὸς
2908 535 3105 600 αὐτοὺς
3137 530 3279 592 εἶναι
3326 539 3424 608 τῆς
3465 538 3703 613 Ἐκκλη-

450 621 534 676 vel
572 621 794 689 nuptias
832 620 1106 690 legitimas
1157 620 1469 691 improbat,
1507 622 1590 677 vel
1615 638 1737 677 eum
1781 622 1873 691 qui
1902 638 2025 679 car-

452 727 575 767 nem
609 711 848 766 comedit
882 721 1081 781 prmter
1117 711 1440 768 suﬂ'oeatam
1471 726 1526 768 et
1564 712 1729 769 idolis
1767 713 2021 768 immola-

449 813 559 857 tam
585 842 602 868 ,
652 802 1019 867 condemnat,
1050 802 1138 858 vel
1167 819 1357 859 servos
1394 803 1426 859 ὲ
1468 804 1706 860 dominis
1738 804 2020 869 recedere,

448 897 667 966 pietatis
696 904 983 966 praetextu,
1009 904 1065 953 et
1088 897 1453 954 ministerium
1480 913 1639 953 suum
1669 906 2024 957 contemnere

448 986 649 1050 docet,
678 997 774 1042 aut
814 989 1035 1045 dubitat
1081 988 1267 1044 divina
1315 990 1565 1061 accipere
1600 999 1946 1047 sacramenta
1994 1007 2024 1047 a

448 1078 789 1150 presbyteris
820 1079 915 1150 qui
958 1095 1159 1138 uxores
1187 1081 1428 1150 habent,
1462 1082 1547 1138 vel
1594 1084 1663 1140 ab
1688 1083 1901 1141 edibus
1928 1084 2023 1139 Dei

448 1178 503 1225 et
552 1170 785 1226 ecclesia
850 1172 1118 1227 recedens
1156 1184 1217 1228 ut
1248 1186 1346 1229 eas
1405 1174 1553 1244 iuste
1597 1176 2026 1233 contemnendus

448 1266 685 1325 ducens,
717 1272 771 1319 et
803 1262 1055 1331 privatim
1106 1266 1433 1321 concionem
1464 1265 1698 1330 habens,
1741 1267 1879 1323 alias
1928 1268 2027 1322 in-

451 1354 789 1410 structiones
835 1352 1063 1425 profert,
1094 1355 1180 1409 vel
1217 1366 1415 1423 praeter
1455 1356 1693 1427 episcopi
1748 1366 1840 1412 aut
1874 1372 2028 1428 pres-

452 1447 631 1517 byteri
654 1449 1008 1512 sententiam,
1038 1456 1098 1502 ut
1124 1462 1219 1504 eos
1245 1456 1626 1513 contemnens,
1652 1448 2027 1505 ecclesiastica

450 1539 664 1608 peragit
724 1539 1022 1610 mysteria,
1076 1538 1208 1608 quia
1262 1553 1392 1596 suas
1442 1554 1639 1610 preces
1694 1556 2031 1612 magnOpere

450 1629 749 1697 praevalere
769 1628 1054 1703 opinatur,
1089 1637 1185 1685 aut
1217 1631 1378 1685 docet
1423 1631 1696 1688 fructuum
1723 1632 2028 1689 oblationes

452 1718 716 1776 Ecclesia;
738 1721 864 1776 olim
895 1722 1076 1789 datas,
1107 1729 1163 1779 et
1194 1723 1261 1777 ad
1290 1723 1431 1779 bona
1464 1738 1629 1793 opera
1659 1731 1935 1794 erogatas,
1976 1732 2031 1779 et

451 1811 521 1864 ab
545 1810 804 1881 episcopo
831 1819 886 1867 ct
907 1812 1001 1880 {eis
1028 1812 1122 1883 qui
1159 1812 1227 1868 ad
1267 1828 1458 1869 eorum
1492 1813 2028 1869 administrationem

2129 624 2248 688 σίας
2278 625 2634 695 προσέταξεν.
2664 627 2730 681 Et
2756 643 2840 689 τις
2869 628 2999 695 γοῦν
3029 628 3062 698 ἢ
3112 627 3205 680 τὸν
3247 631 3483 700 νόμιμον
3524 631 3704 699 γάμον

2127 717 2329 783 ἀθετεῖ,
2362 719 2395 790 ἢ
2426 718 2519 773 τὸν
2571 722 3003 791 κρεωφαγοῦντα
3052 722 3372 791 κατακρίνει
3426 725 3548 793 δίχα
3581 742 3709 778 πνιο

2129 808 2318 881 κτοῦῆ
2352 810 2709 866 είδωλοθύτου
2731 813 2803 883 ’ἢ
2844 812 3066 877 δούλους
3089 813 3333 867 διδάσκει
3367 814 3477 868 τῶν
3510 817 3710 871 δεσπο-

2125 900 2235 954 τῶν
2313 900 2697 973 ὐπαναχωρεῖν
2764 904 3039 974 προφάσει
3070 902 3403 969 θεοσεϐείας,
3457 906 3554 959 καὶ
3604 908 3707 976 τῆς

2129 990 2434 1062 ὑπηρεσίας
2490 993 2673 1047 αὐτῶν
2723 997 3088 1065 καταφρονεῖν
3119 1010 3132 1024 ο
3165 994 3198 1066 ἢ
3229 995 3560 1066 διακρίνοιτο
3591 997 3708 1050 τῶν

2128 1082 2291 1137 θείων
2344 1084 2701 1155 ἁγιασμάτων
2762 1086 3089 1156 μεταλαϐεῖν
3152 1085 3261 1141 ἀπὸ
3311 1088 3709 1157 πρεσϐυτέρων

2130 1174 2494 1241 ὐπογυναίων·
2525 1175 2558 1245 ἦ
2589 1176 2697 1229 τῶν
2725 1175 2889 1230 οἴκων
2916 1174 3010 1229 τοῦ
3044 1175 3179 1229 Θεοῦ
3213 1176 3307 1231 καὶ
3334 1177 3435 1248 τῆς
3470 1179 3708 1249 Ἐκκλη-

2133 1264 2252 1329 σίας
2285 1265 2607 1337 ἀναχωρεῖν,
2643 1266 2719 1331 ώς
2747 1268 3260 1338 εὐκαταφρονήτους
3288 1269 3488 1333 αὐτοὺς
3517 1270 3707 1339 οίόμεο

2132 1374 2245 1420 νος,
2298 1359 2393 1412 καὶ
2445 1358 2554 1431 ίδίᾳ
2625 1359 3025 1431 ἐκκλησιάζων,
3105 1358 3460 1423 διδασκαλίας
3509 1362 3710 1431 ἐτέρας

2133 1448 2360 1502 ποιοῖτοο
2392 1448 2425 1520 ἢ
2457 1449 2608 1519 παρὰ
2649 1448 2875 1519 γνώμην
2903 1450 3206 1503 ἐπισκόπου
3237 1450 3270 1521 ἢ
3305 1451 3707 1521 πρεσϐυτέρου,

2130 1537 2206 1602 ῶς
2252 1541 2615 1611 καταφρονῶν
2669 1542 2872 1607 αὐτῶν,
2924 1542 2991 1594 τὰ
3034 1541 3135 1611 τῆς
3175 1542 3508 1610 Ἐκκλησίας
3558 1542 3711 1597 τελεῖ

2133 1632 2430 1702 μυστήρια,
2491 1631 2583 1685 διά
2634 1630 2697 1685 τὺ
2746 1633 2848 1700 τὴν
2899 1631 3213 1703 προσευχὴν
3267 1632 3437 1686 αὐτοῦ
3494 1633 3710 1701 μεγάλα

2135 1717 2343 1790 ίσχύειν
2370 1719 2599 1773 οἴεσθαιο
2650 1720 2684 1791 ἢ
2736 1720 2980 1773 διδάσκει
3005 1721 3103 1782 τὰς
3131 1718 3400 1773 ἀνέκαθεν
3434 1718 3544 1771 τῶν
3575 1719 3675 1789 χρό
3694 1748 3709 1759 -

2131 1827 2237 1866 νων
2267 1810 2550 1881 διδομένας
2591 1810 2975 1882 καρποφορίας
3023 1814 3092 1883 τῇ
3148 1809 3468 1882 Ἐκκλησία,
3501 1812 3595 1865 καὶ
3627 1811 3710 1874 είς

451 1901 519 1957 ab
541 1902 660 1972 ipso
691 1902 1073 1974 designantur,
1105 1903 1368 1961 Ecclesiae
1395 1918 1503 1961 non
1527 1903 1743 1971 oﬂerrc,
1784 1906 1879 1963 sed
1923 1906 2023 1962 sibi

2130 1900 2377 1956 εὐποιίαν
2404 1902 2883 1972 κατακενουμένας
2902 1902 3054 1972 παρά
3083 1918 3142 1955 τε
3163 1900 3259 1954 τοῦ
3282 1904 3583 1955 ἐπισκόπου
3612 1904 3709 1956 κα.)⁹

449 2002 547 2049 attt
578 1995 689 2049 illis
717 1996 811 2066 qui
847 2011 1037 2052 secum
1074 2005 1320 2053 sunteas
1347 1998 1501 2063 dare,
1539 1998 1623 2054 vel
1652 1998 2022 2067 virginitatem

451 2101 560 2143 non
590 2095 815 2158 propter
841 2087 1015 2159 ipsam
1044 2088 1366 2158 bonitatem,
1412 2091 1762 2147 matrimonio
1781 2089 2023 2162 praefert,

447 2178 546 2235 sed
578 2186 638 2234 ut
671 2179 1085 2236 matrimonium
1126 2197 1461 2248 exsecraris,
1502 2191 1557 2241 et
1591 2184 1859 2241 adversus
1892 2199 2025 2241 con-

445 2272 666 2340 jugatos
691 2273 903 2340 elatus,
930 2274 1015 2330 vel
1045 2291 1155 2332 non
1184 2278 1445 2333 convenit
1486 2277 1556 2334 iis
1583 2278 1676 2349 qui
1711 2278 1777 2333 ad
1814 2294 2024 2350 agapen

448 2375 786 2436 congregant
823 2376 944 2436 post
964 2366 1227 2424 Ecclesia:
1265 2369 1644 2426 dimissionem
1678 2371 1744 2425 ad
1785 2371 1942 2435 panis
1969 2379 2025 2425 et

450 2455 561 2510 vini
615 2457 1127 2528 participationem,
1168 2460 1261 2515 sed
1286 2476 1385 2517 eos
1414 2462 1595 2533 rejicit
1620 2501 1636 2526 ,
1676 2470 1732 2517 et
1780 2477 1904 2516 cum
1939 2462 2021 2517 eis

445 2548 859 2604 communicare
904 2557 1131 2607 vocatus
1171 2566 1269 2621 per
1315 2561 1689 2623 contemptum
1728 2564 1782 2606 et
1827 2568 2022 2620 super-

448 2639 592 2696 biam
618 2654 728 2694 non
762 2639 1020 2707 stistinet,
1050 2642 1134 2697 vel
1160 2657 1285 2699 cum
1314 2644 1527 2713 justitia
1571 2652 1625 2698 et
1660 2644 2019 2699 beneﬁcentia

448 2732 802 2788 ditescentem
819 2742 1170 2802 aspernatur,
1190 2736 1275 2811 vel
1300 2743 1355 2790 et
1370 2750 1497 2811 eum
1523 2736 1616 2805 qui
1644 2736 1876 2790 sericam
1926 2752 2021 2791 ve-

449 2833 584 2879 stem
613 2822 810 2890 induit,
870 2823 1028 2880 ﬂocci
1084 2823 1236 2892 facit,
1268 2810 1386 2896 ipse
1420 2826 1712 2895 peregrina
1768 2826 2018 2896 quaedam

447 2917 767 2987 excogitans
826 2917 1185 2983 indumenta,
1225 2924 1286 2973 ut
1346 2931 1418 2974 ex
1470 2917 1542 2974 iis
1600 2933 1660 2973 se
1726 2917 2019 2989 iustiﬁcari

452 3016 673 3076 putans,
702 3007 786 3064 vel
820 3009 983 3065 etiam
1032 3008 1291 3065 mulieres
1333 3009 1583 3077 quaedam
1617 3008 1665 3065 si
1692 3010 2020 3065 vestimenta

445 3099 624 3156 virilia
668 3101 897 3158 induere
925 3101 1302 3169 inveniuntur,
1331 3101 1399 3156 ad
1439 3103 1755 3159 communis
1788 3103 2021 3158 femina-

448 3210 568 3247 rum
596 3194 830 3250 vestitus
876 3193 1090 3250 ruinam
1115 3233 1131 3259 ,
1163 3202 1218 3250 et
1251 3200 1513 3265 tanquam
1550 3202 1810 3265 putantes
1845 3210 1906 3252 se
1950 3210 2016 3250 ex

448 3291 514 3340 iis
547 3294 769 3343 sanctas
813 3293 869 3342 et
903 3285 1084 3355 justas
1119 3284 1317 3351 videri,
1372 3297 1467 3342 aut
1522 3301 1551 3341 a
1601 3287 1718 3344 suis
1763 3286 1898 3341 viris
1960 3295 2020 3341 ut

448 3378 667 3447 nuptias
699 3377 1037 3435 detestantes
1088 3386 1439 3448 separantur,
1478 3378 1562 3434 vel
1594 3378 1852 3449 proprios
1882 3378 2021 3433 libe-

450 3483 543 3523 ros
596 3468 957 3540 relinquunt,
1003 3477 1059 3524 et
1105 3484 1216 3525 non
1250 3478 1310 3524 ut
1347 3470 1554 3526 liberos
1592 3483 1689 3526 eos
1714 3468 1893 3533 alunt,
1921 3483 2020 3523 nec

448 3568 719 3630 quantum
774 3560 830 3619 in
869 3573 931 3616 se
979 3569 1066 3616 est
1096 3560 1164 3641 ad
1217 3562 1541 3633 religionem
1598 3561 2017 3617 convenientem

428 3666 544 3707 veos
598 3649 880 3716 excitant,
947 3648 1045 3705 sed
1109 3653 1521 3710 exercitationis
1598 3662 1863 3724 praetextu
1925 3668 2021 3708 eos

448 3734 753 3814 negligant,
780 3750 834 3797 et
863 3756 984 3812 quae
1010 3758 1225 3799 comam
1254 3746 1573 3802 muliebrem
1608 3747 1926 3810 detondent,
1964 3753 2022 3800 ut

428 3833 710 3902 pietatem
765 3833 1126 3901 simulantes,
1166 3834 1249 3891 vel
1300 3836 1419 3892 vice
1474 3852 1653 3905 versa,
1700 3837 1744 3893 si
1803 3837 1957 3893 liberi
1988 3851 2017 3895 a

451 3926 771 3996 parentibus
813 3926 1066 3983 ﬁdelibus
1101 3926 1374 3993 resiliunt,
1401 3928 1663 3983 honorem
1698 3929 2020 3999 parentibus

418 4018 697 4076 .debitum
748 4033 855 4075 non
891 4018 1227 4083 tribuentes,
1280 4028 1539 4088 tanquam
1574 4020 1828 4089 pietatem
1864 4019 2022 4073 nimi-

450 4125 571 4166 rum
597 4109 974 4180 praeferentes,
1002 4108 1090 4164 vel
1129 4108 1174 4163 si
1208 4109 1333 4180 quis
1382 4107 1576 4163 tradita
1615 4109 1774 4163 nobis
1813 4107 2021 4177 jejunia

426 4203 906 4274 etransgrediatur,
940 4210 993 4257 et
1027 4200 1327 4273 profanans
1369 4200 1485 4257 dies
1526 4200 1595 4256 ab
1632 4200 1878 4257 Ecclesia
1905 4214 2023 4256 ser-

450 4296 564 4352 vari
588 4295 857 4359 sancitas,
890 4293 1173 4349 Dominica
1198 4293 1279 4347 vel
1301 4293 1541 4347 Sabbato
1568 4292 2023 4364 eligatjejunare,

450 4384 534 4439 vel
565 4394 869 4454 martyrum
903 4381 1358 4451 congregationes
1405 4387 1459 4433 ct
1489 4394 1647 4434 sacra
1700 4394 1821 4449 quae
1874 4380 1924 4432 in
1956 4379 2023 4433 iis

450 4477 591 4533 iiunt
611 4474 889 4545 mysteria,
925 4481 984 4527 ut
1018 4486 1282 4541 arrogans
1312 4470 1710 4534 calumniatur,
1740 4481 1793 4527 et
1825 4471 2028 4526 abhor-

2127 1993 2239 2046 τῶν
2269 1993 2350 2057 είς
2379 1992 2477 2064 τὴν
2531 1993 2846 2063 οἰκονομίαν
2888 1992 3094 2047 τούτων
3131 1995 3261 2062 παρ’
3290 1994 3454 2048 αὐτοῦ
3502 1994 3708 2063 προϐε-

2129 2084 2439 2155 ϐλημένων,
2477 2085 2554 2155 μὴ
2578 2084 2909 2155 προσφέρειν
2937 2086 3003 2154 τῇ
3046 2085 3368 2155 Ἐκκλησία,
3408 2085 3527 2137 ἀλλ’
3555 2083 3706 2156 αὐτῷ

2126 2195 2185 2233 τε
2221 2178 2314 2231 καὶ
2351 2178 2465 2241 τοῖς
2503 2176 2600 2231 σὺν
2655 2176 2827 2247 αὐτῷ,
2875 2177 2950 2241 ώς
2989 2178 3189 2248 ἁγίοις,
3224 2178 3427 2242 ταύτας
3460 2179 3661 2232 διδόναι
3687 2194 3702 2210 ·

2125 2273 2287 2345 iiqu
2324 2271 2624 2344 παρθενίαν
2653 2271 2728 2343 μὴ
2757 2271 2824 2325 δι’
2881 2272 3016 2327 αὐτὸ
3069 2272 3132 2326 τὸ
3188 2272 3352 2327 καλὸν
3390 2272 3482 2326 τοῦ
3518 2273 3702 2342 γάμου

2125 2364 2486 2435 προτιμᾶται,
2532 2362 2649 2417 ἀλλ’
2670 2363 2746 2427 ώς
2773 2362 2865 2418 τὸν
2895 2364 3077 2436 γάμον
3130 2363 3567 2436 βδελυσσόμενος,
3603 2362 3703 2416 καὶ

2123 2456 2233 2508 τῶν
2260 2454 2664 2525 γεγαμηκότων
2690 2456 3167 2527 κατεπαιρόμενος
3192 2471 3207 2487 ο
3235 2456 3269 2527 ἢ
3296 2456 3358 2509 οὐ
3390 2454 3699 2523 συνέρχοιτο

2123 2549 2233 2609 τοῖς
2284 2544 2618 2614 συγκαλοῦσι
2657 2546 2724 2600 δι’
2752 2547 2998 2619 ἀγάπην,
3026 2548 3168 2602 κατά
3205 2549 3304 2618 τὴν
3331 2548 3432 2617 τῆς
3475 2545 3706 2615 Ἐκκλη-

2126 2637 2246 2702 σίας
2284 2637 2575 2704 ἀπόλυσιν,
2613 2639 2695 2703 είς
2728 2639 3031 2710 μετάληψιν
3064 2640 3231 2711 ἀρτου
3264 2639 3361 2693 καὶ
3393 2640 3560 2701 οίνου,
3586 2636 3687 2689 ἀλλ

2125 2730 2313 2783 ἀθετεῖ
2367 2728 2610 2793 τούτους,
2661 2731 2756 2785 καὶ
2790 2731 3180 2801 συγκοινωνεῖν
3230 2728 3355 2799 μετ’
3387 2728 3574 2781 αὐτῶν
3603 2744 3706 2781 κα·

2122 2822 2405 2896 λούμενος,
2455 2826 2557 2882 οὐκ
2590 2827 2837 2898 ἀνέχοιτο
2878 2828 2945 2881 δι’
2975 2825 3305 2898 ὑπεροψίανο
3342 2825 3376 2895 ἢ
3411 2825 3504 2880 τὸν
3537 2825 3707 2880 πλου⁴

2120 2914 2323 2971 τοῦντα
2357 2917 2498 2987 μετὰ
2550 2919 2896 2983 δικαιοσύνης
2950 2919 3045 2973 καὶ
3100 2917 3358 2980 εὐποιίας
3403 2916 3703 2981 ἐξουθενεῖο

2120 3006 2154 3078 ἢ
2186 3008 2281 3061 καὶ⁵
2309 3010 2402 3063 τὸν
2441 3012 2677 3081 σηρικὴν
2706 3010 2911 3080 ἐσθῆτα
2940 2996 3211 3081 φοροῦντα
3259 3008 3538 3077 φαυλίζει,
3576 3007 3706 3074 ξένα

2119 3098 2243 3151 τινὰ
2273 3099 2437 3162 αὐτλις
2485 3101 2717 3153 ἐπινοῶν
2748 3101 3142 3171 ἀμφιάσματα,
3179 3100 3255 3163 ώς
3294 3101 3359 3154 ὲκ
3393 3099 3601 3153 τούτων
3624 3100 3709 3153 διο

2121 3190 2411 3245 καιοῦσθαι
2470 3192 2718 3261 οἰόμενος
2743 3209 2757 3223 ·
2791 3192 2825 3264 ἦ
2862 3194 2955 3247 καὶ
2998 3193 3257 3261 γυναῖκές
3284 3210 3431 3255 τινες
3468 3193 3517 3245 εί
3549 3192 3709 3263 εὐρί-

2123 3300 2339 3337 σκοιντο
2370 3282 2601 3354 ἀνδρικά
2641 3283 2835 3353 ἱμάτια
2888 3284 3349 3355 περιϐαλλόμεναι
3382 3285 3474 3338 ἐπὶ
3528 3301 3707 3337 και-α⁹

2124 3371 2330 3426 πτώσει
2365 3374 2462 3441 τῆς
2492 3373 2679 3442 κοινῆς
2729 3376 2840 3427 τῶν
2892 3374 3172 3441 γυναικῶν
3226 3376 3573 3445 ἀμφιάσεως,
3606 3375 3707 3429 καὶ

2122 3459 2196 3523 ῶς
2226 3462 2289 3515 ὲκ
2320 3460 2524 3515 τούτων
2545 3462 2790 3532 οἰόμεναι
2824 3465 3023 3533 σεμναὶ
3050 3463 3230 3517 δοκεῖν
3261 3482 3323 3517 τε
3354 3465 3449 3518 καὶ
3470 3464 3707 3518 δίκαιαιο

2123 3552 2155 3622 ἦ
2188 3551 2294 3605 τῶν
2343 3553 2489 3607 ἰδίων
2519 3554 2753 3624 ἀνδρῶν,
2793 3553 2869 3618 ὡς
2914 3557 3009 3608 τὸν
3041 3555 3220 3626 γάμον
3251 3556 3703 3625 βδελυσσόμεναι,

2123 3644 2557 3713 διαξεύγνυνται,
2587 3647 2620 3717 ἢ
2649 3647 2717 3700 τὰ
2746 3647 2924 3701 οίκεῖα
2951 3649 3116 3701 τέκνα
3163 3648 3706 3718 καταλιμπάνουσαι,

2125 3737 2219 3790 καὶ
2252 3736 2328 3809 μὴ
2367 3738 2831 3809 τεκνοτροφοῦσαι
2882 3739 3077 3805 ταῦτα,
3112 3742 3208 3793 καὶ
3249 3740 3309 3794 τὸ
3336 3741 3462 3793 ὅσον
3493 3741 3579 3792 ἐπ’
3607 3741 3708 3795 αὐ-

2124 3829 2247 3891 ταῖς
2294 3828 2429 3900 πρδς
2462 3829 2773 3883 θεοσέϐειαν
2809 3831 2908 3902 τὴν
2947 3833 3335 3903 προσήκουσαν
3369 3831 3709 3899 ὐπαλείφου-

2128 3936 2240 3983 σαι,
2284 3920 2419 3973 ἀλλά
2472 3921 2744 3989 προφάσει
2778 3923 3070 3993 ἀσκήσεως
3121 3920 3427 3991 ἁμελοῦσαι
3469 3921 3704 3975 τούτων·

2129 4010 2223 4063 καὶ
2258 4010 2358 4080 τὴν
2401 4010 2581 4082 κόμην
2610 4013 2709 4082 τὴν
2743 4012 3066 4080 γυναικείαν
3102 4011 3580 4082 νάποκειρόμεναι,
3624 4012 3703 4075 ώς

2128 4102 2553 4172 ὐποκρινόμεναι
2589 4102 2922 4157 θεοσέϐειαν·
2955 4104 2988 4175 ἢ
3024 4102 3186 4156 πάλιν
3213 4104 3261 4156 εί
3299 4104 3466 4156 τέκνα
3492 4104 3707 4159 πιστῶν

2126 4194 2329 4261 γονέων
2367 4195 2764 4265 ἀποσκιρτῶσι,
2808 4194 2906 4266 τὴν
2939 4195 3261 4266 πρέπουσαν
3290 4195 3455 4267 τιμὴν
3484 4198 3707 4265 γονεῦσι

2129 4287 2205 4358 μὴ
2234 4287 2597 4357 ἀπονέμοντα,
2630 4287 2704 4351 ώς
2738 4287 3134 4359 προτιμώμενα
3172 4288 3336 4357 δῆθεν
3380 4291 3479 4359 τὴν
3511 4289 3709 4359 ⁸θεοσέ-

2128 4379 2303 4432 ϐειαν⁶
2334 4379 2367 4449 ἢ
2404 4380 2452 4431 εί
2476 4379 2808 4452 παραϐαίνει
2840 4398 2923 4444 τις
2952 4381 3053 4444 τὰς
3088 4380 3543 4450 παραδεδομένας
3567 4383 3710 4450 ἡμῖν

2131 4470 2407 4539 νηστείας,
2443 4471 2537 4524 καὶ
2571 4473 2767 4524 κοινῶν
2798 4471 2903 4524 ὐπὸ
2935 4471 3036 4542 τῆς
3075 4472 3403 4543 Ἐκκλησίας
3438 4473 3712 4541 φυλάττε-

418 4579 555 4624 iret.
598 4566 655 4621 Si
689 4566 811 4636 quis
838 4564 1005 4635 428
1032 4564 1216 4633 itaque
1249 4579 1315 4619 ex
1349 4563 1415 4616 iis
1445 4578 1566 4633 qua:
1600 4578 1766 4633 supra
1793 4578 2023 4617 enume-

2134 4562 2255 4616 σθαι
2282 4563 2810 4633 νενομοθετημένας,
2848 4563 2949 4632 τὴν
2989 4564 3279 4634 Κυριακὴν
3340 4565 3372 4635 ἢ
3399 4565 3459 4617 τὸ
3488 4565 3711 4619 Σάϐϐα-

450 4654 981 4726 rantur,quidquam
1004 4652 1186 4709 facere
1201 4652 1647 4723 deprehenditur,
1674 4661 1728 4708 ut
1757 4668 1815 4707 sc
1832 4660 2023 4707 contra

449 4765 546 4806 eos
585 4748 677 4819 qui
716 4745 1027 4817 simplicius
1076 4745 1308 4808 vivunt,
1352 4743 1610 4810 ell‘erens,
1672 4753 1728 4799 et
1756 4744 2024 4798 ecclesia-

420 4843 623 4901 .sticas
652 4839 973 4897 transiliens
1017 4837 1164 4905 leges
1211 4845 1264 4892 et
1306 4836 1686 4893 innovationes
1741 4853 1771 4893 e
1800 4838 2020 4908 prepria

452 4932 710 5004 superbia
735 4928 1113 4993 introducens,
1146 4930 1219 4984 sit
1247 4931 1556 4984 anathema.
1594 4929 1840 4985 Ecclesia
1875 4931 2022 4984 enim

451 5027 822 5096 virginitatem
878 5039 1000 5080 cum
1037 5022 1224 5079 animo
1285 5024 1522 5078 demisso
1571 5022 1913 5086 admiratur,
1974 5033 2028 5077 et

453 5117 828 5177 secessionem
871 5130 900 5169 a
930 5114 1164 5185 negotiis
1214 5115 1571 5170 saecularibus
1631 5116 1821 5170 eodem
1864 5113 2026 5167 modo

454 5208 657 5270 factam
718 5207 981 5272 admittit,
1034 5216 1087 5261 et
1138 5206 1531 5265 continentiam
1573 5223 1698 5261 cum
1759 5204 2027 5275 gravitate

453 5305 509 5353 et
564 5294 850 5364 religione,
901 5302 955 5351 et
1006 5296 1374 5355 venerabilem
1458 5296 1789 5355 matrimonii
1864 5310 2023 5349 usum

451 5387 666 5443 honore
694 5386 1064 5457 prosequitur.
1102 5396 1156 5440 et
1184 5385 1408 5442 divitem
1458 5401 1579 5441 eum
1609 5385 1824 5456 justitia
1848 5395 1903 5442 ct
1938 5386 2027 5442 bc-

452 5477 741 5535 neliccntia
790 5491 901 5531 non
961 5478 1110 5547 parvi
1151 5478 1389 5547 pendet,
1437 5486 1490 5531 et
1524 5477 1929 5548 simplicitatem
1971 5488 2025 5531 et

453 5569 831 5641 frugalitatem
897 5571 1354 5625 vestimentorum
1404 5585 1515 5624 non
1565 5579 1786 5639 propter
1825 5585 2019 5640 super—

458 5657 623 5723 biam,
648 5657 742 5713 sed
769 5666 990 5728 propter
1012 5660 1182 5715 solam
1205 5659 1452 5730 corporis
1482 5674 1669 5713 curam
1703 5659 1821 5715 sine
1842 5661 2030 5714 curio—

461 5748 625 5805 sitate
675 5746 907 5816 factam,
964 5750 1271 5820 approbare
1324 5750 1512 5815 novit;
1563 5750 2025 5820 quemadmodum

459 5850 569 5899 non
600 5838 839 5899 admittit
874 5844 1038 5903 etiam
1070 5858 1164 5900 eos
1189 5844 1279 5920 qui
1310 5843 1633 5911 dissolutas,
1668 5853 1720 5898 et
1758 5844 2024 5903 delicatas

2128 4671 2217 4706 τον
2257 4654 2493 4725 αἱρεῖται
2525 4655 2831 4724 νηστεύειν·
2867 4654 3027 4725 ῆτάς
3076 4656 3184 4708 τῶν
3223 4656 3514 4727 μαρτύρων
3583 4675 3713 4712 συν.

2129 4746 2301 4812 άξεις,
2350 4747 2442 4799 καί
2471 4746 2570 4809 τὰς
2615 4748 2671 4798 έν
2704 4745 2896 4809 αὐταῖς
2926 4749 3215 4818 γινομένας
3245 4749 3588 4819 λειτουργίας
3630 4752 3710 4816 ὡς

2127 4839 2479 4908 ὑπερήφανος
2504 4837 2810 4892 διαϐάλοιτο
2861 4838 3325 4909 καὶσβδελύττοιτο
3347 4857 3359 4870 ·
3384 4843 3438 4895 εί
3463 4860 3546 4906 τις
3576 4845 3712 4910 γοῦν

2128 4932 2192 4984 ἐκ
2223 4930 2329 4982 τῶν
2353 4929 2560 4983 ἄνωθεν
2585 4929 2870 5001 ἀπηριθμη
2880 4930 3059 4999 μένων
3085 4932 3391 5001 εὐρίσκοιτό
3416 4951 3469 4987 τι
3508 4935 3708 5001 ποιῶν,

2125 5024 2202 5084 ώς
2232 5024 2704 5095 κατεπαιρόμενος
2735 5023 2846 5075 τῶν
2876 5025 3261 5095 ἀφελεστέρως
3291 5024 3575 5096 βιούντων,
3610 5028 3711 5082 καὶ

2126 5113 2255 5177 τοὺς
2318 5114 2813 5184 ἐκκλησιαστικοὺς
2878 5114 3237 5185 παραϐαίνων
3293 5117 3554 5187 θεσμοὺς,
3609 5119 3712 5174 καὶ

2127 5206 2455 5274 καινισμούς
2489 5205 2729 5275 είσάγων
2762 5205 2824 5272 ἐξ
2883 5207 3021 5271 ίδίας
3073 5208 3378 5280 ὑπεροψίας
3408 5224 3424 5241 ⁸
3452 5211 3709 5282 ἀνάθεμα

2126 5297 2289 5351 ἔστω.
2330 5296 2396 5351 Ἥ
2425 5296 2534 5366 γὰρ
2557 5297 2858 5368 Ἐκκλησία
2887 5297 2982 5350 καὶ
3013 5298 3317 5367 παρθενίαν
3348 5301 3489 5371 μετά
3515 5320 3710 5357 ταπει-

2125 5388 2461 5460 νοφροσύνης
2490 5388 2785 5459 θαυμάζει,
2836 5388 2928 5442 καὶ
2997 5389 3348 5461 ἀναχώρησιν
3392 5392 3502 5445 τῶν
3546 5396 3709 5462 ἐγκο-

2128 5481 2304 5551 σμίων
2344 5481 2687 5552 πραγμάτων
2714 5478 2977 5542 ὡσαύτως
3014 5480 3309 5552 γινομένην
3356 5483 3703 5555 ἀποδέχεται,

2127 5574 2223 5626 καὶ
2274 5572 2601 5644 ἐγκράτειαν
2659 5571 2798 5642 μετά
2848 5572 3181 5642 σεμνότητος
3240 5573 3334 5626 καὶ
3365 5575 3707 5644 θεοσεϐείας,

2127 5665 2220 5717 καὶ
2243 5664 2448 5734 σεμνὴν
2478 5664 2745 5732 διοίκησιν
2772 5665 2953 5733 γάμου
2988 5666 3142 5734 τιμᾷ,
3175 5665 3272 5717 καὶ
3306 5665 3533 5719 πλοῦτον
3563 5668 3707 5736 μετὰ

2126 5756 2476 5825 δικαιοσύνης
2500 5756 2593 5810 καὶ
2615 5755 2862 5819 εὐποιίας
2885 5756 2984 5809 οὐκ
3008 5754 3298 5823 ἐξουθενεί,
3325 5759 3419 5811 καὶ
3442 5758 3708 5827 λιτότητα

2130 5849 2221 5903 καὶ
2275 5847 2552 5904 εὐτέλειαν
2580 5848 2986 5921 ἀμφιασμάιων
3042 5848 3102 5902 οὐ
3137 5847 3226 5903 διὰ
3254 5866 3442 5922 τυφον,
3468 5849 3606 5906 ἀλλά
3633 5853 3705 5907 δι’
