4076 6390
373 385 505 449 1277

1416 400 1499 460 ΙΝ
1530 402 1694 464 CAN.
1734 403 1763 463 Ι
1802 403 2014 470 CONC.
2050 410 2109 469 II
2148 412 2501 479 AN'I‘IOiIiI.

3492 428 3513 492 l
3524 432 3627 497 278

448 510 469 551 ἣ
511 502 715 569 φθορᾶς
749 500 863 572 (4ο)
897 504 993 556 καὶ
1037 505 1372 575 διαστροφῆς
1407 506 1582 562 αῖτιον
1609 512 1935 581 γινόμενον·

2130 543 2149 576 ι
2190 525 2366 580 solum
2394 543 2493 582 eos
2554 545 2583 582 a
2626 530 2948 591 ministerio
2992 534 3243 605 deponit,
3278 536 3374 593 sed
3402 548 3456 594 et
3480 540 3627 608 illos,

445 612 467 643 ι
507 596 601 645 καὶ
662 594 725 647 οὐ
779 594 943 665 μόνον
1004 595 1133 659 τοὺς
1181 597 1459 663 τοιούτους
1524 604 1783 675 καθαιρεῖ
1846 605 1945 675 τῆς

451 703 468 736 ι
508 683 880 757 λειτουργίας,
913 688 1050 753 ἀλλά
1096 689 1192 743 καὶ
1218 691 1346 755 τοὺς
1383 692 1705 762 τολμῶντας
1731 695 1943 762 τούτοις

447 794 466 825 ι
506 780 783 831 κοινωνεῖν
815 779 953 849 μετὰ
977 780 1077 851 τὴν
1100 781 1441 853 καθαίρεσιν.
1469 784 1611 848 Τοὺς
1650 786 1707 839 δὲ
1746 788 1943 842 καθαιιι

446 886 464 916 ι
513 869 770 936 ρεθέντας
801 873 1233 942 ἀποστερεῖσθαι
1262 874 1359 929 καὶ
1386 877 1485 945 τῆς
1521 875 1724 941 ἔξωθεν
1748 879 1939 948 τιμῆς,

446 979 463 1009 ι
511 954 580 1028 ἧς
618 960 648 1011 ὁ
689 960 851 1029 ἅγιος
898 962 1082 1017 κανὼν
1124 963 1311 1019 καὶτὸ
1349 964 1449 1019 τοῦ
1486 965 1625 1020 Θεοῦ
1667 968 1942 1039 ἱερατεῖον

444 1070 463 1102 ι
509 1052 857 1123 μετείληφεν,
889 1073 909 1106 ι

430 1144 629 1199 ΒΑΛΣ.
671 1146 804 1215 Περὶ
830 1149 933 1217 τῆς
966 1146 1164 1218 ἑορτῆς
1201 1148 1297 1203 τοῦ
1340 1149 1500 1217 ἁγίου
1552 1150 1767 1221 Πάσχα,
1801 1152 1943 1206 πότε

362 1236 569 1305 ὀφείλει
607 1237 877 1303 γίνεσθαι,
903 1238 1102 1301 ἱκανῶς
1133 1240 1396 1311 διελήφθη
1432 1242 1491 1294 ὲν
1520 1240 1599 1312 τῷ
1628 1241 1673 1305 ζ’
1706 1246 1941 1297 ἀποστο·

362 1327 500 1396 λεκῷ
539 1328 763 1381 κανόνισ
810 1330 908 1383 καὶ
950 1330 1230 1399 ἀνάγνωθι
1282 1330 1478 1386 τοῦτόν
1522 1351 1583 1387 τε
1630 1334 1725 1388 καὶ
1768 1336 1837 1388 τὰ
1881 1336 1945 1389 ἐν

361 1419 512 1489 αὐτῷ
544 1421 844 1490 γραφέντα.
879 1422 944 1475 Οἱ
974 1422 1034 1475 δὲ
1066 1422 1169 1491 τῆς
1212 1424 1500 1494 παρούσης
1530 1426 1754 1480 συνόδου
1787 1426 1941 1494 ἆγιοι

366 1509 607 1582 Πατέρες
640 1510 861 1580 λέγουσι
895 1513 967 1566 τὰ
993 1515 1126 1583 περὶ
1154 1514 1252 1584 τῆς
1288 1516 1548 1584 τοιαύτης
1584 1519 1782 1589 ἑορτῆς
1816 1519 1938 1589 ὁρι-

365 1600 558 1677 σθῆναι
598 1602 749 1673 παρὰ
800 1604 898 1671 τῆς
947 1604 1178 1675 πρώτης
1217 1606 1460 1661 συνόδου.
1500 1607 1590 1660 Ἐν
1642 1608 1774 1677 γοῦν
1823 1610 1939 1672 τοῖς

364 1695 553 1748 κανόσι
583 1695 691 1746 τῶν
728 1697 787 1748 ὲν
815 1696 862 1748 Ν
870 1698 1024 1768 ικαίᾳ
1047 1696 1308 1768 Πατέρων
1351 1697 1512 1753 τοῦτο
1541 1699 1638 1769 οὐχ
1670 1698 1901 1773 εὓρηται
1920 1716 1937 1732 ⁸

363 1787 438 1848 εἱς
462 1786 519 1839 δὲ
548 1786 616 1840 τὰ
653 1789 937 1857 πρακτικὰ
961 1790 1063 1860 τῆς
1096 1789 1323 1860 πρώτης
1347 1791 1569 1845 συνόδου
1594 1792 1937 1862 εὑρίσκεται.

2126 637 2146 670 ι
2195 621 2286 689 qui
2328 624 2533 677 audent
2584 623 2651 679 iis
2698 635 2817 693 post
2860 628 3258 695 depositionem
3310 633 3634 686 communi-'

2125 728 2145 763 ι
2191 726 2339 767 care.
2384 711 2678 783 Depositos
2709 725 2892 772 autem
2925 721 3090 773 etiam
3140 732 3371 777 externo
3417 725 3630 779 honore

2122 819 2142 854 ι
2188 804 2413 871 privari,
2444 805 2600 873 cujus
2631 815 2861 864 sanctus
2899 823 3075 864 canon
3127 821 3182 865 et
3226 812 3322 867 Dei
3374 814 3629 870 sacerdo-

2120 912 2141 947 ι
2187 895 2321 949 tium
2353 894 2453 950 fuit
2494 899 2792 970 particeps.
2841 919 2861 953 ι

2115 1164 2308 1222 BALS.
2360 1167 2434 1223 De
2474 1170 2613 1225 festo
2671 1180 2880 1225 sanctae
2921 1170 3169 1237 Paschae,
3201 1171 3427 1241 quando
3464 1171 3625 1227 debet

2045 1262 2159 1315 ﬂeri
2182 1262 2321 1318 satis
2352 1272 2649 1319 tractatum
2685 1272 2766 1319 est
2797 1264 2850 1319 in
2879 1265 3116 1336 septi-mo
3145 1280 3356 1319 canone
3390 1274 3623 1335 aposto-

2044 1352 2271 1418 iico;et
2302 1354 2580 1424 legeeum,
2611 1364 2667 1410 et
2722 1359 2925 1426 qutein
2987 1358 3173 1428 ipsum
3226 1358 3430 1425 scripta
3473 1367 3622 1412 sunt.

2043 1441 2341 1499 Praesentis
2367 1454 2551 1499 autem
2578 1446 2774 1518 synodi
2840 1450 3016 1502 sancti
3049 1448 3243 1502 Patres
3298 1448 3496 1503 dicunt
3558 1449 3628 1503 de

2043 1533 2145 1588 hoc
2172 1534 2311 1592 festo
2344 1552 2375 1592 a
2409 1539 2583 1606 prima
2609 1540 2826 1610 synodo
2881 1540 3056 1595 fuisse
3087 1541 3394 1594 deﬁnitum.
3447 1543 3627 1610 Atque

2043 1628 2147 1684 hoc
2190 1628 2246 1683 in
2296 1630 2602 1686 canoni‘bus
2636 1631 2858 1687 Patrum
2890 1631 3126 1687 Nicaeum
3172 1632 3363 1702 synodi
3401 1646 3509 1685 non
3546 1637 3629 1687 in-

2041 1728 2260 1774 ventum
2293 1728 2405 1785 est;
2440 1720 2538 1776 sed
2589 1721 2645 1775 in
2689 1721 2828 1777 actis
2857 1723 3042 1805 prim/tn
3074 1723 3268 1791 synodi
3326 1720 3624 1777 invenitur.

2042 1810 2152 1865 Eos
2181 1826 2311 1881 ergo
2328 1811 2421 1881 qui
2454 1812 2684 1877 audent,
2753 1828 2877 1883 quae
2920 1813 2985 1867 de
3018 1812 3227 1867 Pascha
3268 1812 3351 1867 sic
3397 1812 3623 1866 deﬁnita

361 1877 500 1940 Τοὺς
534 1877 714 1931 τοίνυν
763 1880 1087 1949 τολμῶντας
1132 1881 1203 1936 τὰ
1247 1881 1392 1935 οὕτω
1425 1883 1770 1955 διορισθέντα
1811 1887 1935 1956 περὶ

2046 1911 2201 1968 sunt,
2235 1904 2448 1959 solvere
2482 1913 2537 1960 et
2559 1919 2687 1960 euut
2718 1903 2931 1960 Iudaeis
2963 1904 3163 1960 festum
3218 1919 3401 1972 agere,
3439 1904 3484 1959 si
3513 1903 3626 1959 sint

358 1969 451 2022 τοῦ
477 1970 669 2039 Πάσχα
693 1969 1005 2038 καταλύειν,
1028 1972 1126 2025 καὶ⁸
1152 1974 1294 2042 μετὰ
1332 1974 1606 2028 Ἰουδαίων
1633 1975 1939 2045 ἑορτάζειν,

357 2059 583 2122 λαῐκοὺς
619 2061 719 2130 μὲν
749 2061 912 2125 ὄντας
958 2064 1055 2116 καὶ
1089 2064 1165 2133 μὴ
1199 2064 1451 2134 ἑτοίμους
1482 2066 1942 2130 εύσυνθετοῦντας

360 2151 499 2222 πρὶς
552 2152 649 2221 τὴν
695 2151 1163 2224 ὲκκλησιαστικήν
1227 2155 1554 2231 παράδοσιν,
1607 2157 1746 2210 ἀλλὰ
1793 2157 1944 2225 φιλο-

356 2244 698 2309 νεικοῦντας,
774 2244 1105 2318 διορίζονται
1188 2248 1593 2318 ἀκοινωνησίας
1660 2250 1941 2313 παντελῶς

357 2337 617 2408 ἐπιτιμίῳ
650 2337 1205 2393 καθυποόάῖιλεσθαιο
1259 2341 1593 2412 ἱερωμένους
1638 2342 1696 2397 δὲ
1740 2342 1940 2397 καθαι-

359 2431 575 2500 ρεῖσθαι
603 2446 619 2460 ο
664 2433 759 2484 καὶ
791 2430 853 2483 οὐ
880 2431 1078 2500 μόνους
1113 2432 1357 2497 τούτους,
1388 2433 1524 2488 ἀλλὰ
1548 2435 1642 2487 καὶ
1672 2435 1796 2496 τοὺς
1819 2452 1938 2488 κοι-

268 2514 271 2519 λ
355 2524 657 2587 νωνοῦντας
686 2526 869 2589 αὐτοῖς
898 2528 1037 2595 μετὰ
1064 2526 1162 2597 τὴν
1187 2526 1533 2596 καθαίρεσιν.
1570 2530 1679 2582 Καὶ
1711 2527 1936 2591 τούτους

355 2618 413 2673 δὲ
448 2619 759 2685 κάκείνους,
794 2620 893 2673 σὺν
932 2622 995 2689 τῇ
1029 2619 1457 2691 ἀλειτουργησίξι
1496 2621 1590 2674 καὶ
1617 2621 1715 2688 τῆς
1734 2620 1936 2687 ἔξωθεν

355 2709 451 2762 τοῦ
476 2709 721 2779 βήματος
754 2711 1069 2781 ἀνηκούσης
1100 2713 1288 2776 αὐτοῖς
1318 2712 1615 2780 κανονικῆς
1636 2712 1808 2781 τιμῆς
1860 2712 1937 2777 ὡς

358 2802 694 2869 ἱερωμένθυς
753 2802 1239 2873 ἀπαλλοτριοῦσιν.
1303 2802 1442 2856 Οὔτε
1498 2802 1605 2871 γὰρ
1664 2803 1937 2876 καθέδρας

354 2892 478 2946 οὔτε
503 2894 750 2963 κλήσεως
774 2895 1194 2964 ἁξιωθήσονται,
1225 2894 1350 2947 οὕτε
1387 2898 1492 2964 μὴν
1519 2894 1710 2963 ἑτέρου
1735 2910 1933 2964 προνο-

357 2986 482 3055 μίου
509 2987 808 3052 ἱερατικοῦ.
847 2987 1166 3057 Σημείωσαι
1196 2986 1289 3040 οὖν
1334 2986 1443 3039 ἀπὸ
1483 2985 1676 3038 τούτου
1722 2987 1826 3048 ὅτι,
1874 2986 1933 3037 εἱ

355 3077 431 3148 μή
491 3079 611 3129 ἐστι
675 3076 919 3129 τοιοῦτον
982 3076 1125 3146 μέγα
1183 3076 1246 3130 τὸ
1300 3074 1581 3146 ἔγκλημα,
1646 3074 1716 3128 δι’
1767 3075 1796 3129 ὅ
1847 3090 1934 3138 τις

2044 1996 2264 2064 quidem
2292 1996 2442 2061 laici,
2474 2006 2529 2051 et
2555 1997 2620 2051 ad
2639 1997 3081 2053 ecclesiasticam
3125 1996 3480 2050 traditionem
3513 2009 3622 2049 non

2046 2087 2205 2142 facile
2226 2088 2567 2157 redigantur,
2621 2087 2718 2143 sed
2780 2087 3130 2142 contentiose
3187 2088 3485 2148 resistant,
3523 2088 3624 2140 dco

2042 2187 2280 2235 cernunt
2334 2180 2580 2235 absolute
2633 2180 3221 2235 excommunicationis
3262 2180 3441 2249 penis
3491 2180 3623 2234 sub-

2042 2274 2140 2344 jici
2179 2292 2195 2339 ;
2236 2288 2337 2329 eos
2382 2288 2535 2340 vero,
2570 2275 2664 2344 qui
2706 2281 2837 2328 sunt
2887 2272 3116 2335 sacrati,
3156 2271 3399 2339 deponi:
3428 2279 3481 2325 et
3512 2286 3620 2323 non

2041 2366 2217 2420 solum
2243 2365 2414 2435 ipsos,
2452 2365 2546 2421 sed
2580 2372 2635 2420 et
2662 2380 2758 2421 eos
2787 2365 2881 2436 qui
2910 2365 3019 2419 illis
3050 2372 3174 2428 post
3208 2363 3619 2433 depositionem

2040 2460 2480 2511 communicant.
2512 2456 2654 2522 Quin
2692 2456 2855 2511 etiam
2909 2456 2978 2510 iis
3016 2455 3175 2534 ipsis,
3210 2470 3318 2508 una
3370 2468 3497 2507 cum
3532 2468 3623 2505 sa-

2039 2563 2261 2603 crorum
2292 2548 2750 2603 celebrandarum
2785 2548 3121 2618 privatione,
3164 2548 3435 2600 honorem
3479 2559 3623 2613 quo~

2039 2656 2145 2709 que
2173 2641 2523 2701 canonicum,
2579 2640 2672 2710 qui
2735 2642 2802 2693 ad
2864 2638 3026 2704 illos,
3086 2648 3273 2705 utpote
3326 2647 3607 2700 sacratos.

2037 2741 2192 2789 extra
2228 2748 2451 2789 sacrum
2486 2732 2726 2787 tribunal
2782 2732 3041 2803 pertinet,
3106 2731 3376 2785 adimunt.
3430 2728 3620 2798 Neque

2036 2828 2182 2881 enim
2218 2826 2489 2880 cathedrae
2522 2865 2535 2885 .
2591 2840 2771 2894 neque
2831 2823 3145 2879 vocationis
3206 2824 3419 2877 honore
3468 2821 3622 2889 digni

2038 2915 2389 2969 habebuntur
2423 2932 2437 2967 :
2466 2914 2561 2968 sed
2603 2929 2704 2977 nec
2757 2914 2866 2969 alio
2902 2914 3235 2968 sacerdotali
3302 2912 3619 2982 privilegio.

2034 3002 2175 3059 Nota
2202 3020 2334 3073 ergo
2361 3020 2426 3057 ex
2458 3004 2580 3065 hoc,
2626 3004 2771 3072 quod
2826 3004 2873 3058 si
2921 3017 3031 3056 non
3075 3010 3161 3056 est
3213 3002 3623 3071 magnum-cri-

2036 3109 2159 3148 men
2187 3100 2409 3163 propter
2434 3093 2579 3161 quod
2613 3093 2888 3162 quispiam
2923 3100 3011 3147 est
3031 3091 3342 3159 depositus,
3380 3091 3475 3144 sed
3503 3092 3621 3145 leve

354 3168 662 3238 καθῃρέθη,
713 3166 848 3221 ἀλλὰ
889 3167 1125 3236 ἐλαφρὸν
1165 3167 1351 3239 (τυχὸν
1373 3166 1624 3236 ὲγάμησε
1663 3165 1804 3237 μετὰ
1832 3166 1932 3235 τὴν

2038 3185 2205 3254 (forte
2250 3186 2408 3241 duxit
2448 3199 2673 3239 uxorem
2700 3192 2822 3255 post
2882 3184 3339 3254 depositionem),
3401 3196 3464 3237 ea
3497 3197 3621 3251 qua:

354 3259 742 3330 χειρετονίανὶ,
775 3260 1063 3329 ἐνεργήσει
1099 3258 1167 3313 τὰ
1210 3258 1316 3324 ἔξω
1362 3257 1456 3312 τοῦ
1500 3258 1780 3329 βήματοςο
1820 3257 1933 3324 seu

2037 3287 2169 3332 sunt
2208 3286 2365 3331 extra
2399 3274 2647 3330 tribunal
2686 3284 2912 3346 peraget
2941 3289 2958 3328 :
2987 3284 3041 3329 et
3098 3284 3390 3327 ettteruum
3449 3277 3618 3328 etiam

354 3349 412 3402 δὲ
440 3351 533 3402 καὶ
567 3349 666 3418 τὴν
695 3349 799 3413 ἔξω
820 3351 1009 3419 τιμήν.
1052 3349 1358 3418 Ἀνάγνωθι
1402 3348 1498 3401 καὶ
1529 3349 1732 3402 κανόνα
1765 3346 1809 3403 θ’
1832 3347 1933 3419 τῆς

352 3445 409 3495 ὲν
435 3442 838 3513 Νεοκαισαρείᾳ
868 3440 1113 3505 συνόδου,
1143 3443 1240 3494 καὶ
1265 3440 1362 3512 τῆς
1388 3438 1439 3495 ς’
1460 3441 1677 3497 συνόδου
1699 3440 1935 3505 κανόνας

350 3532 437 3587 κα’
494 3534 589 3586 καὶ
627 3533 742 3598 κς¹.

424 3627 670 3680 ΖΩΝΑΡ.
697 3626 866 3677 Φασὶν
906 3626 956 3679 οἱ
1008 3626 1106 3694 τῆς
1158 3624 1381 3679 συνόδου
1427 3623 1632 3695 ταύτης
1675 3627 1801 3687 τοὺς
1832 3625 1934 3694 τῆς

350 3720 575 3789 πρώτης
612 3718 833 3771 συνόδου
856 3717 1047 3784 ἁγίους
1072 3717 1325 3787 Πατέρας
1345 3718 1472 3787 ὅρον
1502 3716 1766 3770 ἐκθέσθαι
1800 3717 1932 3785 περὶ

346 3813 447 3881 τῆς
500 3811 696 3881 ἑορτῆς
742 3808 839 3862 τοῦ
896 3809 1113 3877 Πάσχα,
1158 3807 1217 3871 ὃς
1264 3809 1321 3859 ὲν
1367 3811 1485 3871 τοῖς
1528 3807 1659 3878 παρ’
1700 3807 1931 3861 ἐκείνων

349 3903 784 3971 συντεθειμένοις
808 3899 1031 3954 κανόσιν
1051 3900 1150 3970 οὐχ
1172 3899 1404 3970 εὕρηται
1422 3914 1434 3928 ·
1468 3900 1563 3954 καὶ
1590 3897 1751 3951 τοῦτο
1776 3917 1851 3950 πα
1862 3898 1929 3967 ρὰ

348 3998 571 4053 πάντων
628 3993 1001 4064 φυλάττεσθαι
1046 3992 1398 4058 ἀπαιτοῦσιν,
1447 3992 1483 4062 ἢ
1527 3992 1931 4061 ἀκοινωνήτους

343 4081 490 4141 εῖναι
525 4085 619 4139 καὶ
666 4085 1009 4155 ἁποὸλήτους
1054 4085 1154 4155 τῆς
1199 4084 1529 4156 Ἐκκλησίας
1572 4086 1701 4149 τοὺς
1730 4084 1807 4156 μὴ
1838 4083 1930 4138 τὸν

343 4184 473 4253 ὅρον
520 4182 728 4232 ἐκεῖνον
760 4178 1065 4249 τηροῦντας
1110 4177 1360 4242 λαῖκούς.
1417 4180 1479 4232 Et
1533 4178 1592 4232 δὲ
1637 4179 1929 4259 ἱερωμένοι

346 4264 461 4323 εἷεν
510 4268 557 4319 οἱ
602 4265 681 4335 τῷ
726 4267 837 4335 ὅρῳ
888 4266 1093 4336 meo
1149 4266 1583 4337 ἐναντιούμενοι,
1636 4268 1735 4322 καὶ
1789 4270 1929 4337 μετὰ

358 4358 633 4411 Ἰουδαίων
668 4357 843 4411 τελεῖν
871 4358 932 4411 τὸ
955 4358 1148 4428 Πάσχα
1170 4358 1498 4421 διδάσκοιεν,
1538 4359 1925 4430 καθαιρεῖσθαι

342 4451 573 4515 αὐτοὺς,
596 4450 690 4502 καὶ
722 4453 848 4511 τοὺς
880 4452 1160 4503 κοινωνεῖν
1204 4450 1527 4520 τολμῶντας
1561 4452 1753 4515 αὐτοῖς
1785 4453 1928 4523 μετὰ

2036 3372 2302 3425 honorem
2320 3370 2569 3425 habebit.
2607 3368 2751 3439 Lege
2774 3377 2830 3422 et
2859 3381 3129 3422 canonem
3160 3364 3618 3420 9Nt-ot'asarien-

2034 3464 2113 3519 sis
2138 3462 2356 3534 synotli,
2405 3468 2459 3516 et
2492 3470 2660 3516 sexta:
2690 3460 2885 3533 synodi
2917 3474 3160 3515 canones
3191 3460 3253 3513 ει
3280 3468 3333 3514 et
3360 3458 3448 3513 ‘26.

2116 3621 2369 3679 ZONAR.
2419 3614 2705 3677 Decretum
2749 3636 2780 3675 a
2837 3622 3045 3677 sanctis
3105 3620 3359 3676 Patribus
3415 3621 3467 3674 in
3508 3621 3618 3692 pri-

2036 3732 2121 3769 ma
2153 3714 2363 3786 synodo
2387 3713 2769 3784 congregatis,
2803 3714 2949 3780 quod
2979 3723 3159 3768 tamen
3198 3717 3337 3767 inter
3375 3727 3616 3767 canones

2032 3806 2150 3875 ejus
2168 3806 2358 3877 synodi
2393 3821 2500 3860 non
2526 3816 2734 3868 exstat,
2772 3804 2838 3858 de
2862 3804 3086 3860 Pascha
3109 3803 3340 3861 solemni
3382 3804 3472 3857 die
3499 3803 3617 3855 edi-

2034 3912 2144 3954 tum
2214 3900 2427 3963 fuisse,
2515 3898 2678 3968 hujus
2747 3896 2938 3969 synodi
2990 3906 3244 3952 auctores
3305 3904 3613 3960 asserunt;

2031 3993 2195 4062 idque
2243 3992 2315 4046 ab
2347 3992 2607 4047 omnibus
2650 3990 2859 4047 servari
2895 4028 2911 4055 ,
2971 3990 3177 4060 quique
3235 3990 3283 4043 ei
3340 4003 3448 4042 non
3517 3986 3615 4041 ob-

2031 4086 2497 4154 tempera‘varint,
2566 4084 2617 4139 si
2678 4083 2900 4154 quidem
2956 4083 3084 4139 laici
3152 4082 3304 4145 sint,
3366 4094 3616 4134 eommu.

2028 4178 2195 4234 nione
2237 4176 2441 4247 privari
2477 4186 2531 4232 et
2578 4176 2646 4232 ab
2679 4176 2927 4233 Ecclesia
2988 4175 3347 4230 exterminari
3392 4172 3611 4241 jubent.

2029 4272 2183 4338 Quod
2218 4272 2260 4324 si
2298 4286 2455 4325 sacro
2478 4270 2661 4325 ordini
2688 4269 3103 4326 constitutionis
3134 4269 3283 4323 illius
3314 4267 3612 4322 violatores

2028 4362 2288 4431 adscripti
2323 4360 2552 4429 fuerint,
2583 4361 2730 4432 iique
2758 4376 2885 4416 cum
2916 4358 3123 4415 Judwis
3151 4359 3295 4412 diem
3327 4356 3612 4411 Paschatis

2028 4454 2414 4509 celebrandum
2467 4468 2591 4508 esse
2636 4454 2898 4515 doceant,
2936 4450 3287 4521 depositione
3343 4451 3517 4519 ipsos,
3558 4457 3614 4503 et

340 4540 443 4611 τὴν
470 4539 791 4608 καθαίρεσιν
825 4540 1237 4606 διατάττονται,
1271 4540 1368 4594 καὶ
1402 4541 1539 4611 μηδὲ
1576 4542 1745 4613 τιμῆς
1774 4546 1923 4614 ἱερα-

2037 4546 2122 4614 [μιί
2174 4544 2371 4600 iisdem
2418 4553 2543 4615 post
2588 4543 2987 4615 depositionem
3032 4544 3448 4599 communicare
3493 4542 3611 4597 ausi

341 4631 504 4699 τικῆς
532 4633 631 4701 τῆς
661 4630 866 4695 ἔξωθεν
897 4632 1151 4702 μετέχειν
1185 4633 1384 4697 αύτούς
1414 4652 1430 4666 ο
1463 4633 1630 4698 ὥστε,
1684 4636 1789 4689 κᾶν
1818 4636 1921 4705 τῆς

2037 4639 2266 4705 'uerint,
2308 4638 2527 4694 multari
2562 4638 2796 4705 volunt;
2843 4652 2908 4693 ac
2946 4653 3015 4693 ne
3055 4648 3341 4693 externum
3389 4634 3609 4706 quidem

344 4723 661 4792 ἱερουργίας
696 4722 1041 4787 κωλύωνται,
1080 4723 1354 4795 καθέδρας
1381 4724 1518 4788 τέως
1546 4727 1645 4779 καὶ
1676 4724 1924 4795 κλήσεως

2037 4730 2330 4789 sacerdotii
2374 4732 2661 4797 honorem,
2696 4740 2755 4785 ut
2792 4744 2920 4785 cum
2954 4745 2985 4785 α
3033 4746 3319 4786 sacrorum
3371 4731 3615 4784 celebra-

341 4814 663 4869 ἐπισκόπων
703 4814 735 4883 ἢ
780 4814 973 4882 ἱερέων
1008 4814 1324 4870 ἀπολαύειν.
1382 4816 1492 4869 Καὶ
1535 4817 1562 4869 ό
1608 4816 1837 4886 ἕϐδομος
1868 4817 1926 4871 δὲ

2037 4825 2178 4879 tione
2229 4833 2559 4889 arceantur,
2619 4832 2802 4878 tamen
2864 4824 3138 4878 cathedra:
3193 4824 3611 4894 praerogativam

340 4906 523 4961 κανὼν
550 4906 659 4959 τῶν
705 4906 876 4973 ἁγίων
914 4905 1253 4971 ἀποστόλων,
1302 4908 1429 4969 τοὺς
1470 4908 1609 4979 μετᾶ
1654 4905 1925 4961 Ἰουδαίων

2037 4914 2385 4985 episcopique
2409 4925 2503 4968 aut
2528 4914 2832 4969 sacerdotis
2857 4915 3278 4984 appellationem
3308 4917 3610 4975 retineant.

341 5001 403 5051 τὸ
439 4998 628 5067 Πάσχα
677 4994 1037 5066 ἑορτάζοντας
1089 4994 1475 5066 καθαιρεῖσθαι
1526 4996 1764 5051 κελεύει.
1825 4998 1918 5052 Ἐν

2037 5006 2351 5060 hominibus
2392 5007 2619 5060 concedi
2670 5008 2975 5077 patientur.
3023 5008 3099 5061 Ac
3147 5008 3182 5062 ii
3236 5007 3484 5076 quidem,
3519 5007 3610 5074 qui

346 5088 451 5158 μὲν
483 5086 575 5142 οὖν
616 5091 730 5149 τοῖς
777 5087 966 5140 κανόσι
997 5087 1099 5157 τῆς
1147 5086 1374 5158 πρώτης
1417 5091 1639 5143 συνόδου
1674 5090 1829 5144 οὐδέν
1864 5107 1919 5143 τι

2037 5111 2145 5150 :um
2186 5094 2395 5151 Iudaeis
2429 5095 2655 5152 Pascha:
2697 5097 2842 5151 diem
2893 5104 3082 5167 agunt,
3117 5098 3354 5166 septimo
3394 5110 3611 5166 quoque

342 5182 474 5253 περὶ
512 5181 604 5234 τοῦ
639 5181 830 5252 Πάσχα
860 5180 1094 5252 εὓρηται
1136 5178 1357 5247 ὁρισθὲν
1379 5195 1390 5208 ·
1419 5183 1469 5234 εἱ
1517 5181 1562 5235 δ’
1614 5184 1774 5246 ἐκτὸς
1804 5181 1917 5238 τῶν

2037 5196 2337 5243 ιιιιιειοτυιη
2383 5190 2759 5258 apostolorum
2808 5202 3023 5242 canone
3073 5187 3273 5257 deponi
3320 5188 3609 5258 jubentur-

342 5273 582 5329 κανόνων
613 5292 666 5326 τι
694 5273 1044 5345 ᾠκονόμηται
1091 5271 1292 5342 ἀγνοῶ,
1330 5273 1632 5344 πρακτικὸν
1673 5275 1771 5344 τῆς
1797 5292 1922 5330 συν-

2037 5278 2192 5333 Porro
2223 5280 2365 5333 inter
2407 5295 2651 5335 canones
2689 5282 2878 5347 primae
2914 5280 3107 5349 synodi
3138 5280 3272 5334 nihil
3304 5280 3604 5348 quidquam

343 5364 464 5418 ὁδου
506 5365 722 5434 ἐκείνης
758 5365 832 5437 μὴ
867 5366 1028 5437 ἔχων.

2037 5371 2087 5425 ie
2117 5371 2398 5437 LPaschatc
2438 5372 2722 5426 decretum
2771 5373 3050 5427 invenitur
3097 5389 3111 5426 :
3154 5387 3220 5425 an
3258 5386 3388 5425 vero
3452 5382 3603 5425 extra

340 5472 583 5513 canones
630 5457 834 5528 aliquid
858 5458 1125 5529 ejusmodi
1172 5457 1537 5513 constitutum
1570 5456 1663 5526 sit,
1723 5475 1846 5514 cum
1888 5459 2036 5515 illius
2076 5462 2293 5516 concilii
2339 5462 2480 5533 apud
2535 5478 2621 5519 me
2665 5463 2800 5520 Acta
2829 5478 2939 5518 non
2976 5472 3216 5529 exstent,
3247 5462 3391 5516 haud
3446 5462 3605 5517 facile

340 5555 596 5609 dixerim.

1571 5666 1759 5731 Guill.
1802 5669 2130 5749 Beveregii
2163 5677 2352 5732 nom.

412 5769 525 5838 (ιο)
565 5766 749 5846 Ἀλεξᾶ
780 5768 885 5821 παὶ
929 5765 1185 5846 στονὶαἱοῖς
1210 5764 1554 5846 διαρᾷορᾶς.
1586 5767 1679 5823 Sic
1706 5785 1901 5846 omnes
2008 5771 2143 5846 ἁλλᾲ
2177 5770 2273 5824 καὶ
2322 5770 2526 5845 πολλῆς
2570 5770 2874 5843 διαφθορᾶς
2921 5771 3015 5827 καὶ
3067 5771 3402 5846 διαστροφῆς
3423 5769 3598 5825 αῑτιον

348 5838 540 5913 legunt
575 5840 794 5897 codices
826 5844 1023 5911 praeter
1069 5837 1594 5907 Autcrbachiauuut,
1627 5842 1719 5912 qui
1746 5840 1900 5913 legit,

2037 5841 2317 5914 πινόμενον.
