4076 6404
431 374 568 442 ιὲτθ

1685 382 1966 445 THEOD.
2001 383 2096 443 BA
2106 383 2408 446 ιεΑΜΟΝ

3558 380 3695 447 1280

427 492 657 547 AitlST.
693 511 713 543 ι
744 492 848 559 Qui
871 493 1086 562 legibus
1110 493 1379 550 sancitam
1404 494 1631 549 Paschm
1655 497 2006 552 traditionem
2042 551 2044 557 ,

2147 500 2343 555 ιΡίΣΤ.
2418 517 2438 550 ‹
2493 498 2551 552 '0
2581 496 2680 568 τὴν
2704 496 2967 567 ἔνθεσμον
3008 496 3104 552 τοῦ
3151 496 3344 567 Πάσχα
3397 498 3696 570 παράδοσιν

508 586 854 639 «immutare
904 586 1149 649 molitur,
1202 587 1247 640 si
1294 585 1516 655 quidem
1558 587 1730 643 laicus
1770 589 1864 654 sit,
1920 590 2014 660 qui

508 695 529 728 ι
562 678 669 730 hoc
709 677 841 746 agit,
890 680 1401 733 excommunieetur
1439 694 1459 733 :
1492 680 1579 736 sin
1630 682 1894 748 clericus,
1948 682 2017 738 ab

515 790 537 823 ε
568 770 813 825 Ecclesia
843 782 1123 828 arceatur.
1164 789 1184 823 ι

506 863 717 917 Dicitur
764 871 820 917 et
865 864 920 918 in
966 865 1208 934 septimo
1255 864 1560 934 apostolico
1612 879 1824 921 canone
1866 864 2013 936 quod

435 956 721 1028 presbyter
749 957 845 1027 qui
886 971 1011 1010 cum
1064 956 1268 1012 Jndazis
1296 956 1508 1013 Pascha
1541 958 1805 1025 celebrat,
1839 959 2019 1029 depo-

433 1052 606 1105 nitur.
637 1049 785 1105 idem
816 1051 1002 1118 itaque
1032 1060 1086 1105 et
1132 1051 1250 1106 haec
1291 1065 1533 1120 praesens
1575 1066 1750 1108 canon
1785 1051 2013 1118 statuit;

433 1144 582 1212 quod
617 1142 664 1198 si
694 1141 820 1210 quis
853 1142 1027 1196 laicus
1057 1141 1355 1211 legitimam
1390 1141 1551 1214 431
1587 1141 1876 1198 Paschalis
1903 1149 2017 1196 tra-

438 1234 707 1288 ditionem
748 1234 1182 1303 transgrediens,
1222 1234 1357 1289 illud
1399 1250 1521 1290 cum
1568 1233 1774 1291 Iudaeis
1808 1236 1890 1291 vel
1924 1251 2020 1305 per

438 1326 681 1395 seipsum
729 1327 988 1395 privatim
1041 1328 1150 1380 alio
1198 1336 1445 1397 tempore
1489 1329 1752 1392 celebrat,
1800 1344 2021 1384 excom-

439 1420 753 1474 municatus
782 1421 887 1474 erit
916 1430 972 1475 et
1010 1419 1256 1475 Ecclesia
1286 1421 1518 1490 eiectus.
1557 1420 1613 1475 Si
1649 1422 1888 1477 clericus
1917 1438 2017 1476 au-

440 1522 551 1569 tem
582 1513 653 1567 sit
680 1512 773 1581 qui
806 1514 908 1567 hoc
938 1514 1090 1579 facit,
1116 1513 1425 1583 deponetur
1454 1531 1472 1583 ;
1502 1514 1807 1584 privabitur
1832 1523 2019 1570 autem

441 1611 499 1659 et
527 1603 805 1659 cathedra:
834 1604 1065 1668 honore,
1130 1612 1191 1659 ut
1221 1612 1277 1659 et
1309 1613 1586 1675 quotquot
1615 1621 1645 1662 e
1671 1605 1891 1663 clericis
1925 1605 2020 1661 tali

445 1706 575 1767 post
601 1697 997 1767 depositionem
1028 1699 1195 1754 simul
1227 1701 1785 1759 communicaverint.

1067 1878 1296 1936 CANON
1338 1881 1404 1937 ll.

454 1984 475 2019 ι
516 1966 715 2024 Omnes
746 1972 836 2040 qui
881 1973 933 2025 iu
967 1973 1253 2027 ecclesiam
1290 1973 1692 2043 ingrediuntur,
1734 1982 1790 2030 et
1831 1990 2020 2030 sacras

538 2078 560 2114 ε
589 2058 901 2132 Scripturas
932 2066 1177 2128 audiunt,
1206 2067 1436 2121 orationi
1468 2058 1646 2120 autem
1676 2081 1799 2123 cum
1826 2069 2024 2137 populo

543 2168 694 2208 anon
748 2157 1173 2222 communicant,
1229 2159 1311 2213 vel
1363 2168 1607 2213 sanctam
1668 2159 2025 2215 Eucharistiae

546 2264 566 2295 ι
593 2246 1095 2316 participationem,
1142 2258 1363 2319 propter
1408 2251 1639 2320 aliquam
1683 2251 2025 2306 insolentiam

543 2328 569 2391 .“
587 2348 939 2396 aversantur:
972 2356 1067 2395 eos
1092 2342 1159 2395 ab
1181 2341 1408 2397 ecclesia
1438 2342 1656 2414 expelli,
1684 2344 1854 2398 donec
1878 2353 2028 2414 post-

536 2445 560 2481 ι
594 2444 759 2499 quam
799 2429 1035 2485 confessi
1071 2431 1297 2497 fuerint,
1340 2430 1661 2503 fructusque
1696 2434 2030 2503 prenitentiae

531 2539 549 2569 ι
586 2520 922 2576 ostenderint
960 2530 1014 2575 et
1053 2521 1463 2591 imploraverint
1528 2527 1768 2588 veniam,
1808 2524 2027 2592 assequi

534 2629 555 2663 ι
594 2612 802 2680 possint
838 2630 853 2666 :
885 2626 993 2665 non
1042 2612 1209 2667 licere
1253 2622 1432 2667 autem
1475 2616 1877 2669 communicare
1908 2630 2031 2669 cum

538 2718 558 2753 ι
593 2702 1098 2763 excommunicatis,
1115 2716 1291 2771 neque
1314 2702 1364 2755 in
1380 2703 1632 2757 domibus
1647 2704 2035 2761 convenientes

535 2809 556 2840 ‹
597 2803 722 2844 cum
756 2792 823 2846 iis
851 2804 1013 2845 orare
1048 2792 1137 2860 qui
1176 2792 1426 2861 precibus
1458 2794 1713 2849 Ecclesiae
1748 2809 1851 2849 non
1884 2810 2035 2850 com-

537 2895 556 2928 ι
600 2878 900 2943 munieant,
941 2894 1117 2949 neque
1147 2881 1199 2934 in
1233 2882 1335 2935 alia
1368 2882 1596 2938 ecclesia
1635 2883 1823 2951 recipi,
1854 2886 1947 2954 qui
1977 2885 2031 2939 in

538 2989 558 3021 ι
602 2970 706 3024 alia
739 2969 978 3025 ecclesia
1021 2987 1125 3025 non
1158 2974 1513 3027 conveniunt.
1564 2973 1619 3028 Si
1657 2990 1815 3043 quem
1854 2985 2034 3031 autem

541 3083 560 3116 ι
598 3077 664 3117 ex
704 3063 974 3134 episcopis
1014 3063 1097 3118 vel
1142 3064 1475 3136 presbyteris
1524 3066 1606 3121 vel
1656 3068 1921 3137 diaeonis,
1954 3068 2061 3126 vel-

549 3174 569 3208 ι
603 3169 761 3225 quem
788 3171 854 3211 ex
882 3171 1094 3211 canone
1119 3156 1602 3213 cxcommunicatis
1634 3161 2039 3219 communicare
2068 3192 2111 3251 α

544 3267 565 3301 ι
601 3249 947 3318 apparuerit;
970 3263 1329 3320 eumquoque
1345 3267 1467 3307 esse
1490 3255 2039 3324 excommunicatum,

543 3355 566 3388 ε
600 3345 659 3390 ιιι
688 3338 780 3395 ιιιιί
814 3351 1076 3394 canonem
1108 3340 1363 3396 Ecclesiae
1387 3340 1706 3398 confundat.
1744 3361 1765 3399 ι

546 3519 742 3576 BALS.
787 3522 847 3576 in
894 3530 1086 3579 octavo
1112 3532 1165 3580 et
1199 3540 1343 3582 nono
1373 3542 1589 3581 canone-
1622 3532 1917 3599 apostolico
1946 3547 2044 3588 ex-

471 3612 710 3681 positum
744 3624 845 3680 est,
872 3616 1090 3682 quinam
1114 3627 1240 3673 sunt
1271 3622 1360 3687 qui
1386 3623 1683 3679 orationem
1704 3641 1814 3681 non
1847 3640 2042 3697 exspe-

471 3714 621 3759 ctant
651 3714 706 3759 et
747 3708 1236 3778 participationem,
1269 3722 1324 3768 et
1362 3716 1638 3783 quomodo
1678 3718 1984 3786 puniuntur
2026 3736 2040 3772 :

473 3797 726 3851 similiter
751 3808 807 3853 et
829 3800 882 3853 in
912 3801 1123 3856 decimo
1154 3819 1378 3867 canone,
1412 3808 1475 3861 de
1508 3808 1574 3863 iis
1606 3809 1696 3879 qui
1726 3825 2042 3865 excommu-

476 3885 672 3942 nicatis
713 3891 1141 3947 communicant.
1190 3894 1599 3964 Consequenter
1635 3914 1764 3969 ergo
1806 3915 2046 3971 praesens

474 3991 693 4048 quoque
739 3995 911 4036 canon
948 3983 1214 4049 decernit,
1256 3995 1315 4038 ut
1356 3987 1389 4041 ii
1439 4001 1825 4060 segregentur,
1859 3992 1949 4061 qui
1993 3994 2045 4047 in

475 4070 765 4127 ecc’esiam
817 4071 1210 4141 ingrediuntur,
1262 4086 1317 4132 et
1357 4080 1658 4134 orationem
1705 4098 1810 4136 non
1854 4093 2048 4153 exspe-

477 4166 651 4225 ctant,
685 4160 768 4215 vel
804 4177 864 4216 se
896 4164 962 4217 ad
996 4176 1238 4221 sanctam
1270 4170 1735 4241 participationem
1773 4190 1878 4229 non
1920 4190 2051 4230 con-

479 4260 716 4318 vertunt,
753 4266 976 4323 propter
1009 4255 1350 4315 insolentiam
1380 4278 1396 4328 ;
1426 4272 1480 4318 et
1518 4265 1627 4319 sint
1660 4265 1842 4335 ejecti,
1877 4267 2049 4321 donec

2193 610 2210 643 ι
2252 588 2537 659 διαμεῖψαι
2578 587 2943 660 πειρώμενος,
2973 588 3162 651 λαῖκδς
3198 588 3298 657 μὲν
3330 588 3527 653 τελῶν,
3557 588 3696 642 ἀπό-

2190 700 2210 735 t
2251 681 2468 753 ϐλητος,
2503 680 2768 751 κληρικδς
2794 680 2873 746 δὲ,
2904 679 3393 750 ἀνεκκλησίαστος.
3433 698 3453 732 ι

2198 860 2429 930 Εἴρηται
2460 858 2553 911 καί
2584 859 2640 910 ὲν
2666 856 2744 927 τῷ
2778 856 2991 926 ἑϐδόμῳ
3018 857 3367 926 ἀποστολικῳ
3400 857 3589 910 κανόνι
3616 857 3697 920 ὡς

2127 951 2155 1003 ό
2219 949 2357 1020 μετὰ
2424 948 2691 1004 Ἰουδαίων
2739 948 2909 1001 τελῶν
2960 947 3023 999 τὸ
3076 948 3270 1017 Πάσχα
3324 947 3705 1017 πρεσϐύτερος

2119 1042 2491 1111 καθαιρεῖται.
2534 1039 2708 1093 Τοῦτο
2756 1040 2889 1109 γοῦν
2935 1041 3030 1093 καὶ
3059 1042 3088 1094 ὸ
3118 1039 3311 1110 παρὼν
3355 1038 3535 1093 κανὼν
3586 1039 3706 1093 δια-

2120 1133 2415 1203 λαμϐάνει,
2463 1132 2559 1196 ὡς,
2594 1132 2649 1186 εί
2679 1150 2763 1194 τις
2802 1132 2910 1185 τῶν
2946 1131 3174 1193 λαῖκῶν,
3208 1130 3569 1202 παραϐαίνων
3602 1131 3705 1200 τὴν

2121 1226 2347 1295 ἔννομον
2369 1224 2463 1277 τοῦ
2489 1224 2680 1294 Πάσχα
2705 1224 3029 1294 παράδοσιν,
3067 1224 3209 1293 μετὰ
3244 1224 3518 1277 Ἰουδαίων
3540 1222 3706 1275 τοῦτο

2121 1315 2156 1386 ἢ
2187 1317 2285 1368 καὶ
2314 1314 2438 1369 καθ’
2471 1316 2664 1369 ἑαυτὸν
2697 1315 3013 1379 ἰδιαζόντως
3042 1317 3101 1368 ἐν
3124 1315 3296 1384 ἑτέρῳ
3316 1314 3498 1384 καιρῷ
3518 1315 3704 1379 τελεῖ,

2122 1405 2493 1475 ἀκοινώνητος
2519 1405 2695 1469 ἔσται,
2722 1407 2819 1459 καὶ
2837 1406 2939 1473 τῆς
2988 1406 3320 1476 Ἐκκλησίας
3368 1406 3704 1475 ἀπόϐλητος.

2124 1499 2187 1551 Ei
2230 1497 2290 1551 δὲ
2333 1498 2598 1570 κληρικός
2649 1500 2796 1551 ἐστιν
2846 1499 2875 1551 ό
2916 1498 3075 1552 τοῦτο
3129 1499 3322 1563 ποιῶν,
3376 1498 3709 1568 καθαιρεθήο

2128 1605 2283 1643 σεται
2306 1605 2322 1621 ο
2360 1588 2872 1661 ἀποστερηθήσεται
2920 1588 2976 1642 δὲ
3022 1590 3118 1643 καὶ
3167 1590 3267 1659 τῆς
3292 1592 3349 1642 ὲν
3371 1592 3439 1660 τῇ
3468 1590 3713 1660 καθέδρᾳ

2124 1682 2291 1751 τιμῆς
2318 1721 2333 1746 ,
2386 1684 2483 1735 καὶ
2535 1683 2648 1736 ὅσοι
2697 1681 2873 1752 τούτῳ
2927 1699 3038 1736 των
3088 1682 3368 1754 κληρικῶν
3430 1683 3568 1753 μετά
3608 1684 3713 1753 τὴν

2128 1774 2451 1846 καθαίρεσιν
2502 1776 3025 1843 συγκοινωνήσουσι.

2714 1868 2973 1922 ΚΑΝΩΝ.
3039 1868 3115 1924 B'.

2134 1979 2154 2013 ι
2192 1961 2411 2023 Πάντας
2442 1962 2568 2025 τοὺς
2600 1961 2867 2023 εἰσιόντας
2899 1962 2978 2024 είς
3009 1962 3108 2031 τὴν
3133 1961 3432 2033 ἐκκλησίαν
3479 1962 3575 2016 καὶ
3596 1961 3707 2015 τῶν

2207 2072 2227 2105 ι
2273 2054 2437 2124 ίερῶν
2486 2052 2724 2123 Γραφῶν
2747 2053 3068 2116 ἀκούοντας,
3107 2053 3181 2124 μὴ
3214 2054 3613 2117 κοινωνοῦντας
3656 2055 3713 2107 δὲ

2208 2165 2227 2199 ι
2267 2146 2430 2217 εὐχῆς
2485 2145 2601 2216 ἅμα
2654 2146 2733 2217 τῷ
2781 2146 2916 2214 λαῷ,
2970 2146 3556 2217 ἢάποστρεφομένους
3613 2147 3712 2217 τὴν

2211 2258 2230 2291 ι
2268 2242 2433 2308 ἁγίαν
2487 2240 2790 2309 μετάληψιν
2842 2240 2943 2308 τῆς
2995 2239 3341 2309 εὐχαριστίας
3395 2240 3539 2294 κατά
3592 2258 3709 2293 τινα

2211 2349 2230 2382 ι
2271 2331 2519 2396 ἀταξίαν,
2546 2330 2770 2393 τούτους
2804 2330 3145 2393 ἁποϐλῆτους
3174 2329 3425 2399 γίνεσθαι
3456 2331 3555 2397 τῆς
3609 2331 3709 2382 ὲκ-

2209 2441 2228 2475 ‹
2266 2423 2517 2494 atina-'01:,
2548 2422 2652 2486 ἕως
2682 2423 2766 2483 ἂν,
2792 2420 3425 2491 ὲξομολογησάμενοικαὶ
3443 2420 3713 2484 δείξαντες

2206 2529 2226 2564 ι
2264 2514 2510 2582 καρποὺς
2552 2512 3697 2583 μετανοίας,κα¹ιπαρακαλέσαντε;,τυχεῖν

2211 2624 2229 2655 ι
2271 2604 2539 2674 δυνηθῶσι
2564 2604 2921 2675 συγγνώμης·
2990 2604 3064 2673 μὴ
3102 2604 3304 2669 ἐξεῖναι
3361 2604 3418 2656 δὲ
3438 2603 3718 2657 κοινωνεῖν

2217 2716 2237 2749 ε
2278 2699 2392 2761 τοῖς
2422 2699 2837 2768 ἀκοινωνήτοις.
2878 2698 3015 2767 μηδὲ
3046 2697 3167 2751 κατ’
3203 2696 3389 2757 οἴκους
3436 2694 3718 2748 συνελθόν-

2214 2804 2235 2839 ε
2275 2803 2373 2847 τας
2398 2787 2758 2855 συνεύχεσθαι
2807 2789 2918 2849 τοῖς
2945 2786 3019 2856 μὴ
3066 2788 3132 2854 τῇ
3176 2784 3475 2856 Ἐκκλησίᾳ
3532 2801 3720 2837 συνευ-

2217 2899 2236 2932 t
2283 2880 2558 2949 χομένοις.
2600 2879 2733 2949 μηδὲ
2774 2879 2831 2932 ὲν
2856 2879 3017 2950 ἑτέρᾳ
3049 2877 3310 2949 ἐκκλησίᾳ
3363 2875 3719 2948 ὑποδέχεσθαι

2223 2991 2241 3024 ι
2268 2954 2412 3035 Imb;
2441 2974 2499 3027 ὲν
2526 3012 2527 3015 η
2554 2972 2719 3043 ἑτέρᾳ
2747 2971 3017 3042 ἐκκλησίᾳ
3076 2972 3150 3041 μὴ
3208 2970 3631 3039 συναγομένους.
3658 2969 3722 3021 Ei

2221 3082 2240 3117 ι
2278 3064 2333 3117 δὲ
2382 3063 2579 3134 φανείη
2635 3081 2718 3124 τις
2773 3064 2883 3117 τῶν
2926 3064 3240 3116 ἐπισκόπων
3268 3061 3301 3129 ἢ
3332 3060 3726 3132 πρεσϐυτέρων

2224 3176 2243 3211 t
2280 3150 2689 3228 η’διακόνων,ἦ
2753 3173 2836 3221 τις
2894 3153 2988 3208 τοῦ
3044 3155 3267 3217 κανόνος
3325 3155 3438 3215 τοῖς
3491 3151 3723 3205 ἀκοινω-

2220 3268 2237 3302 ι
2279 3250 2463 3320 νήτοις
2492 3247 2787 3309 κοινωνῶν,
2824 3248 2917 3301 καὶ
2945 3246 3134 3300 τοῦτον
3164 3242 3529 3313 ἀκοινώνητον
3556 3238 3724 3305 εἶναι,

2216 3358 2237 3394 ι
2273 3341 2351 3405 ὡς
2408 3341 2476 3395 ἂν
2558 3339 2859 3410 συγχέοντα
2919 3339 3009 3392 τὸν
3074 3336 3277 3391 κανόνα
3338 3334 3439 3403 τῆς
3490 3334 3728 3400 Ἐκκλη-

2143 3444 2237 3496 rc
2277 3433 2397 3496 σίας
2429 3432 2562 3502 (Μ).
2597 3451 2616 3485 ι

2130 3558 2172 3579 υ,-
2217 3523 2331 3594 (42)
2366 3523 2561 3577 ΒΑΛΣ.
2611 3522 2707 3577 Ἐν
2754 3522 2832 3593 τῷ
2875 3520 2929 3593 η’
2962 3521 3058 3575 καὶ
3082 3519 3126 3575 θ’
3154 3522 3500 3595 ἀποστολικῷ
3536 3526 3729 3578 κανόνι

2145 3613 2466 3685 ¹ἡρμηνεύθη
2496 3612 2644 3677 τίνες
2660 3612 2798 3666 εἰσὶν
2820 3613 2869 3665 oi
2896 3612 2969 3684 μὴ
2999 3613 3410 3684 παραμένοντες
3438 3617 3503 3684 τῇ
3552 3631 3730 3684 προσ-

2150 3710 2282 3779 ευχῇ
2338 3707 2434 3761 καὶ
2478 3709 2544 3777 τῇ
2580 3704 2711 3775 ἀτία
2738 3704 3063 3777 μεταλήψει,
3100 3707 3195 3758 καὶ
3223 3706 3340 3769 πῶς
3369 3706 3725 3769 κολάζονται·

2152 3800 2413 3864 ὡσαύτως
2442 3802 2538 3853 καὶ
2589 3801 2648 3853 ὲν
2674 3799 2750 3868 τῷ
2770 3804 2799 3849 ι’
2824 3798 3007 3850 κανόνι
3028 3798 3155 3869 περὶ
3180 3797 3290 3850 τῶν
3320 3799 3731 3852 κοινωνούντων

2151 3897 2265 3958 τοῖς
2294 3893 2707 3961 ἀκοινωνήτοις.
2784 3880 3123 3953 Ἆκολούθως
3181 3886 3275 3943 οὖν
3330 3891 3475 3945 καὶὸ
3533 3892 3732 3962 παρὼν

2158 3984 2339 4039 κανὼν
2370 3980 2667 4054 διορίζεται
2725 3980 3079 4052 ἀφορίζεσθαι
3130 3983 3258 4045 τοὺς
3307 3984 3733 4053 εἰσερχομένους

2151 4082 2232 4143 είς
2263 4076 2578 4147 ἐκκλησίαν,
2622 4077 2714 4129 καὶ
2753 4074 2826 4146 μὴ
2872 4076 3229 4145 ἐπιμένοντας
3272 4078 3337 4146 τῇ
3400 4077 3533 4147 εὐχῇ
3593 4079 3733 4146 μηδὲ

2154 4168 2652 4241 ἑπιστρεφομένους
2679 4168 2780 4238 τῆς
2810 4168 2970 4237 ἁγίας
3017 4167 3373 4238 μεταλήψεως
3406 4169 3551 4223 κατά
3606 4187 3731 4223 τινα

2155 4263 2418 4330 ἀταξίαν·
2457 4261 2553 4317 καὶ
2577 4258 2720 4316 εἶναι
2747 4260 2970 4323 τούτους
3039 4258 3378 4330 ἀποϐλήτους
3434 4260 3627 4331 μέχρις
3661 4261 3731 4315 ἂν

1704 4406 1895 4470 Guili.
1929 4406 2253 4485 Beveregii
2291 4412 2480 4467 notae.

556 4553 668 4630 (ιρι)
698 4552 816 4630 Τὸν
869 4554 1097 4630 κανόνα
1139 4555 1676 4630 τῆς-βΕκκλησίας,
1723 4560 1803 4616 Ad
1859 4575 2044 4614 vocem

2160 4575 2321 4629 usque
2352 4558 2421 4613 ad
2452 4559 2611 4628 linem
2652 4557 2845 4611 divinae
2886 4569 3158 4630 sacrorum
3181 4626 3188 4630 _
3201 4554 3577 4630 celebrationis
3605 4574 3733 4625 per-

481 4616 686 4695 κανόνα
717 4625 770 4678 in
808 4626 1053 4695 margine
1095 4616 1305 4683 codicis
1352 4616 1777 4683 Amerhachiani
1817 4639 2049 4683 annota-

481 4694 729 4768 tur,_cbv
758 4694 1182 4768 Διιτύξιτονοδηλαδὴ
1216 4700 1309 4751 καὶ
1354 4698 1454 4768 τὴν
1487 4699 1664 4764 τάξιν,
1703 4709 1763 4753 ιιι
1819 4715 1918 4753 vox
1946 4717 2051 4752 κα-

484 4764 730 4836 νὼνῂοοᾼ
757 4765 810 4818 in
836 4766 953 4819 loco
977 4764 1236 4836 typum'et
1265 4764 1500 4822 ordinem
1536 4769 1786 4825 Ecclesia:
1814 4768 2049 4824 denotet.

563 4833 675 4906 (42)
718 4834 770 4888 In
813 4833 1347 4894 codice'Hitoniensi
1390 4838 1503 4893 haec
1549 4839 1717 4892 altera
1759 4852 1842 4893 est
1875 4839 2055 4894 Balsa-

488 4906 670 4978 monis
708 4906 1124 4974 interpretatio;
1164 4909 1365 4977 quippe
1404 4923 1568 4978 quam
1593 4909 1698 4962 alia
1735 4911 1805 4964 ibi
1844 4926 2049 4978 praece-

488 4924 670 4961 mouts
708 4924 1124 4974 Interprelallo;
1164 4924 1365 4977 quippe
1444 4924 1568 4962 uam
1593 4924 1698 4962 ana
1735 4924 1805 4964 ιυι
1844 4926 2046 4978 praece-

488 4978 596 5048 dit.
616 4975 700 5029 his
736 4978 916 5031 verbis
950 4988 1234 5048 concepta,
1264 4979 1364 5031 Διά
1387 4924 1486 5048 111v
1506 4979 1738 5048 ἀπειλὴν
1763 4981 1873 5035 τῶν
1905 4984 2046 5035 ἀπο-

489 5045 752 5098 στολικῶν
809 5048 1069 5117 κανόνων,
1121 5045 1215 5100 τοῦ
1237 5054 1288 5117 η’
1319 5050 1413 5101 καὶ
1441 5045 1535 5101 τοῦ
1564 5049 1629 5113 θ’,
1659 5045 1795 5103 ἀλλά
1820 5052 1914 5102 καὶ
1950 5050 2047 5105 τοῦ

489 5117 798 5190 παρόντοςε
822 5113 1112 5190 ἐπενοήθη,
1159 5113 1454 5190 *ὡς’ἔοικε,
1513 5119 1669 5188 ἡτοῦ
1725 5119 2047 5190 Ἀντιδώρου

484 5184 742 5249 διάδοσις,
765 5186 1125 5239 ὦστεπτᾶσαν
1147 5187 1395 5257 ἀνάγκην
1415 5184 1558 5257 ἔχειν
1582 5190 1677 5242 καὶ
1696 5184 2051 5253 αὐτοὺς,τοὺς

490 5257 566 5325 μὴ
603 5258 937 5323 δυναμένους
973 5256 1298 5324 μεταλαϐεῖν
1323 5256 1640 5326 τῶνίάγίωιν
1658 5262 1753 5312 καὶ
1775 5260 2056 5324 ζωοποιῶν

534 5326 828 5398 υστηρίων,
870 5328 1509 5398 προσκαρτερεῖνᾲμέχρι
1531 5330 1723 5392 τέλους
1763 5332 1861 5396 τῆς
1906 5331 2058 5392 θείας

516 5397 912 5469 εᾼρρτελεστίις,
955 5395 1051 5469 καὶ
1076 5399 1173 5469 ἐκ-
1194 5395 1378 5467 χειρὸς
1419 5395 1705 5469 ἱερατικῆς
1757 5395 2059 5466 λαμϐάνειν

495 5467 627 5521 αὐτὸ
672 5466 752 5527 είς
782 5466 1074 5533 ἁγιασμόν.
1137 5465 1365 5535 Propter
1418 5465 1591 5524 minas
1640 5465 2055 5536 apostolicorum

496 5551 756 5590 canonum
875 5544 923 5588 et
955 5536 1008 5599 9,
1038 5546 1200 5610 atque
1222 5538 1396 5610 etiam
1434 5541 1728 5608 prwsentis,
1758 5541 2061 5610 echgitaIa

495 5613 595 5668 est,
656 5616 710 5657 ut
753 5606 975 5670 videtur,
1043 5607 1286 5661 Antidori
1362 5606 1693 5673 distributio,
1746 5620 1803 5662 ut
1858 5606 2063 5664 necesse

495 5674 709 5728 omnino
744 5677 1003 5748 haberent-
1026 5678 1184 5729 etiant
1234 5678 1293 5745 ii,
1328 5680 1415 5747 qui
1463 5689 1772 5733 sanctorum
1801 5690 1849 5734 et
1891 5681 2067 5748 vivi/i-

496 5759 689 5799 corum
740 5746 1109 5813 mysteriorum
1169 5746 1451 5803 narttc’toes
1502 5765 1613 5804 esse
1673 5766 1773 5803 non
1823 5746 2064 5819 possunt,

2157 4625 2395 4683 seperare
2424 4625 2522 4691 ,ἐι
2567 4644 2630 4684 ea:
2680 4643 2841 4681 manu
2889 4625 3210 4679 sacerdotali
3254 4628 3735 4695 sanctiﬁcationem

2159 4702 2411 4768 accipere.
2466 4700 2605 4753 Cum
2656 4699 2770 4751 haec
2804 4703 2983 4768 autem
3030 4696 3144 4750 fere
3176 4696 3403 4750 totidem
3463 4699 3648 4753 verbis
3677 4700 3733 4753 in

2158 4766 2503 4824 Balsamouis
2539 4766 2997 4838 interpretatione
3036 4776 3358 4838 occurrant,
3386 4782 3451 4821 ex
3486 4768 3739 4838 margine

2158 4840 2215 4895 in
2249 4848 2459 4894 textum
2493 4838 2787 4904 irrepsisse
2815 4835 3093 4890 videntur.
3131 4837 3235 4892 Ubi
3275 4836 3503 4904 insuper
3538 4835 3738 4892 obser-
3808 4878 3811 4881 ς

2158 4926 2274 4973 ves,
2308 4909 2457 4979 quod
2489 4909 2558 4963 ab
2599 4909 2751 4979 hisce
2778 4905 2965 4979 verbis
2999 4906 3230 4979 inceptis
3262 4908 3543 4979 usque_ad
3568 4908 3733 4961 tinem

2158 4975 2341 5049 huius
2379 4977 2857 5049 interpretationis
2905 4977 3092 5049 omnia
3125 4975 3246 5049 'e_x_
3285 4992 3395 5049 ms.
3432 4975 3739 5049 Bodleiano

2157 5045 2307 5105 nunc
2339 5045 2575 5120 primum
2618 5047 2876 5120 edimus:
2912 5045 3015 5101 nisi
3052 5045 3199 5120 quod
3234 5045 3351 5099 base
3383 5047 3501 5120 ipsa
3539 5048 3593 5101 in
3630 5049 3737 5101 Pa-

2158 5115 2380 5175 risiensi
2432 5118 2677 5174 editione
2733 5118 3038 5187 habeantur
3065 5115 3258 5170 eodem
3312 5115 3498 5181 modo,
3529 5132 3642 5187 quo
3679 5120 3736 5173 in

2158 5190 2349 5245 codice
2381 5187 2712 5252 lEtoniensi,
2742 5187 2903 5241 lecta.
2939 5184 3135 5240 Verum
3169 5198 3349 5253 neque
3381 5202 3443 5240 ea
3476 5184 3579 5241 nec
3612 5203 3738 5256 qua:

2165 5267 2477 5328 sequuntur
2530 5260 2585 5312 in
2618 5257 3060 5328 Amerbarhiano
3091 5271 3197 5309 ms.
3236 5264 3484 5328 exstant.
3523 5256 3737 5311 Horum

2164 5325 2345 5383 autem
2388 5329 2507 5382 loco
2540 5330 2593 5382 in
2617 5327 2783 5380 latina
2835 5326 3050 5379 Herveti
3105 5325 3360 5379 versione
3389 5327 3737 5382 hazchahen-

2164 5408 2274 5461 tur,
2308 5397 2452 5451 Nota
2507 5408 2683 5451 autem
2715 5412 2831 5463 qua:
2863 5396 2918 5449 in
2954 5395 3204 5462 prwsenti
3255 5412 3454 5451 canone
3483 5406 3531 5450 et
3596 5413 3737 5449 nono

2165 5479 2471 5523 sanctorum
2503 5468 2862 5536 apostolorum
2904 5467 3106 5533 scripta
3140 5475 3263 5517 sunt
3294 5465 3358 5536 de
3382 5468 3470 5530 iis,
3506 5466 3597 5532 qui
3628 5482 3738 5518 non

2162 5549 2466 5605 pernmnent
2494 5539 2545 5591 in
2565 5537 2919 5592 ecclesiastica
2950 5537 3186 5589 oratione
3202 5551 3297 5605 seu
3317 5535 3621 5590 dimissione
3638 5552 3657 5600 ;
3686 5549 3741 5588 et

2165 5603 2251 5661 dic
2289 5609 2396 5659 haec
2424 5608 2645 5677 deﬁnita
2688 5622 2799 5660 esse
2835 5607 2900 5660 de
2938 5622 3104 5677 sacra
3134 5603 3507 5677 celebratione,
3540 5622 3641 5677 non
3671 5607 3739 5677 de

2166 5680 2460 5743 vespertina
2491 5674 2563 5732 ’et
2623 5679 2888 5731 matutina
2926 5676 3254 5732 laudatione.
3296 5674 3477 5732 Canon
3511 5676 3647 5731 enim
3682 5676 3740 5730 in

2167 5750 2247 5804 his
2271 5749 2440 5803 locant
2477 5765 2579 5804 non
2607 5750 2781 5803 habet.
3416 5746 3435 5761 '
