4076 6388
363 362 497 432 1281

1496 366 1579 428 ΙΝ
1614 366 1784 430 CAN.
1826 366 1889 428 II
1928 366 2143 432 CONC.
2182 367 2242 429 Π
2275 369 2628 432 ANTIOCH.

3504 378 3642 444 1232

357 483 518 551 ἀξίαν
550 482 845 556 μετάνοιαν
879 483 1020 554 μετὰ
1050 482 1500 555 ἐξομολογήσεως
1551 482 1928 550 ἐπιδείξωνται

2058 484 2276 555 dignam
2307 504 2430 543 cum
2470 488 2816 547 confessione
2861 495 3241 564 pcettitcntiam
3280 494 3644 555 ostenderint.

371 575 528 630 Ἐπεὶ
555 576 613 631 δὲ
658 577 809 640 είκὸς
829 572 922 648 ἦν,
947 578 1060 640 τοῖς
1089 575 1267 639 οὔτως
1317 578 1665 647 ἀφορισθεῖσι
1724 591 1944 644 συγκοι-

368 667 561 721 νωνεῖν
602 686 780 734 τινας,
808 669 981 740 ἤγουν
1035 668 1417 740 συνεύχεσθαι,
1465 668 1589 739 οὐχὶ
1649 670 1705 722 ἐν
1738 669 1805 739 τῇ
1850 668 1948 721 ἐκ·

359 757 584 831 κλησίᾳ,
618 759 712 831 ἀφ’
742 755 809 833 ἧς
835 761 1229 833 ἐξεϐλήθησαν,
1254 762 1368 814 ἀλλ’
1397 744 1453 815 ἐν
1479 760 1758 831 εὐκτηρίῳ
1786 759 1948 831 οἴκῳ,

356 851 390 923 ἢ
442 856 499 905 ἐν
527 852 694 923 ἑτέρᾳ.
721 853 1010 924 ἐκκλησίᾳ,
1050 854 1145 907 καὶ
1174 854 1358 922 λέγειν
1394 853 1785 924 ἀνεπιτίμητον
1808 848 1948 907 εἶναι

344 944 537 1018 γτοῦτο,
602 945 678 1009 ὼς
727 945 821 999 τοῦ
848 946 1241 1018 ἀφορισθέντος
1300 946 1411 1001 ἀπὸ
1467 948 1601 1018 μιᾶς
1648 945 1948 1015 ἐκκλησίας

353 1036 517 1106 δῆθεν
545 1037 892 1108 διωχθέντος,
922 1037 1023 1107 τῆς
1046 1037 1154 1092 ὐπὸ
1174 1038 1243 1092 τὰ
1266 1037 1453 1091 δίκαια
1488 1037 1659 1109 οὐσης
1715 1037 1810 1092 τοῦ
1842 1039 1947 1107 ἁφ-

336 1108 665 1201 ὀρίσαντος,
694 1130 861 1200 φησὶν
895 1131 923 1184 ὁ
961 1130 1143 1183 κανὼν
1174 1130 1306 1201 μίαν
1336 1108 1635 1203 ἐκκλησίαν
1650 1126 1791 1184 εἶναι
1819 1131 1947 1194 τοὺς

352 1219 693 1291 ὁπουδήποτε
722 1221 883 1285 ὄντας
908 1221 1236 1291 εὐκτηρίους
1260 1221 1447 1286 οἴκους
1487 1222 1584 1276 καὶ
1607 1221 1793 1284 ναούς.
1830 1223 1944 1275 Kal

353 1311 456 1366 οὐκ
484 1311 763 1382 ὀφείλουσι
799 1332 945 1379 τινες
970 1316 1225 1389 κληρικοὶ
1258 1315 1397 1387 μετά
1426 1314 1521 1369 τοῦ
1555 1314 1946 1386 ἀφορισθέντος

356 1404 740 1477 συνεύχεσθαι,
800 1406 905 1462 κᾶν
935 1408 1044 1462 ἀπὸ
1090 1409 1286 1480 ἐτέρας
1312 1402 1446 1464 ὦσιν
1502 1409 1758 1479 ἐνορίαςο
1813 1410 1943 1472 τοὺς

351 1494 413 1550 δὲ
447 1498 599 1568 παρά
656 1497 835 1553 ταῦτα
890 1500 1182 1564 ποιοῦντας
1239 1499 1492 1572 τῷαύτῷ
1552 1500 1816 1571 ἐπιτιμίῳ
1840 1500 1943 1570 τῆς

348 1591 750 1663 ἁκοινωνησίας
805 1592 1337 1652 καθυποὸἀλλεσθαι.
1401 1595 1516 1649 Kal
1560 1594 1629 1649 τά
1690 1595 1792 1665 μὲν
1841 1593 1939 1648 τοῦ

343 1683 575 1747 κανόνος
613 1684 673 1737 ἐν
722 1684 959 1749 τούτοις.
1006 1686 1078 1740 Σὺ
1128 1687 1186 1740 δὲ
1241 1686 1520 1755 ἀνάγνωθι
1578 1686 1647 1740 τά
1702 1689 1759 1740 ἐν
1819 1688 1935 1749 τοῖς

348 1775 600 1846 ῥηθεῖσιν
661 1776 1042 1842 ἀποστολικοῖς
1095 1778 1286 1831 κανόσι
1314 1778 1617 1848 γραφέντα,
1673 1778 1771 1831 καὶ
1813 1777 1939 1831 κατ’

352 1868 541 1919 ἐκεῖνα
599 1868 712 1921 νόει
746 1868 841 1921 καὶ
898 1869 988 1922 τὸν
1054 1873 1300 1940 παρόντα
1356 1869 1583 1934 κανόνα,
1641 1867 1737 1921 καὶ
1812 1868 1935 1920 εἰπέ

2052 576 2188 644 Quia
2213 587 2390 634 autem
2421 579 2720 637 verisimile
2751 594 2887 649 erat,
2925 586 3015 650 iis.
3050 588 3145 657 qui
3178 587 3257 644 sic
3296 598 3424 643 sunt
3456 605 3648 660 segre-

2054 670 2185 737 gati,
2207 673 2609 727 communicare
2630 676 2916 742 quosdam,
2941 693 3034 733 seu
3061 694 3166 732 una
3191 695 3314 735 cum
3339 681 3421 737 eis
3442 698 3600 739 orare
3626 700 3644 751 ;

2054 774 2159 813 non
2207 758 2258 813 in
2292 762 2545 829 ecclesia,
2575 779 2639 818 ex
2677 779 2783 833 qua
2828 765 2991 835 ejecti
3022 776 3174 835 sunt,
3216 769 3313 824 sed
3346 769 3399 824 in
3430 772 3644 839 privato

2053 849 2247 906 domus
2275 852 2520 908 oratorio
2545 895 2561 922 ,
2599 853 2681 908 vel
2717 855 2769 908 in
2817 855 2919 909 alia
2963 857 3220 925 ecclesia,
3256 868 3310 912 et
3357 860 3538 917 dicere
3571 862 3646 917 ob

2052 939 2158 995 hoc
2190 955 2408 1010 pmnam
2441 944 2494 998 in
2543 960 2602 999 se
2648 961 2754 999 non
2790 948 3006 1012 cadere,
3040 963 3107 1003 eo
3139 953 3283 1016 quod
3326 962 3645 1022 segregatus

2051 1033 2123 1088 sit
2163 1034 2232 1088 ab
2262 1050 2371 1091 una
2407 1036 2637 1091 ecclesia
2667 1037 2893 1106 ejectus,
2930 1040 2988 1094 in
3019 1057 3122 1108 qua
3145 1041 3236 1113 jus
3272 1043 3438 1098 habet
3471 1046 3516 1099 is
3546 1045 3642 1114 qui

2050 1138 2173 1179 eum
2199 1130 2507 1199 segregavit
2550 1147 2564 1184 :
2596 1130 2726 1186 dicit
2759 1147 2935 1186 canon
2978 1148 3136 1186 unam
3172 1149 3295 1191 esse
3324 1135 3639 1209 ecclesiam,

2050 1220 2293 1274 oratoria
2317 1232 2371 1274 et
2401 1221 2622 1292 templa,
2662 1224 2973 1294 ubicunque
3003 1233 3153 1292 sunt,
3188 1242 3289 1283 nec
3314 1228 3514 1283 debent
3543 1230 3638 1284 ulli

2048 1309 2231 1367 clerici
2262 1328 2384 1369 cum
2432 1329 2518 1380 eo,
2560 1316 2652 1385 qui
2692 1328 2771 1372 est
2817 1332 3158 1390 segregatus,
3210 1336 3390 1391 orare,
3419 1323 3638 1379 etiamsi

2046 1403 2159 1456 sint
2192 1416 2258 1457 ex
2290 1402 2396 1457 alia
2431 1405 2697 1475 regione:
2736 1407 2772 1461 ii
2806 1423 3010 1474 autem,
3055 1410 3146 1480 qui
3182 1423 3382 1479 praeter
3412 1411 3527 1467 haec
3553 1412 3639 1467 l‘a-

2046 1491 2198 1546 ciunt
2220 1491 2394 1548 eidem
2423 1498 3006 1555 excommunicationis
3038 1515 3213 1569 paenae
3238 1500 3631 1569 subjiciuntur.

2046 1583 2115 1638 Et
2158 1583 2272 1639 hate
2299 1585 2522 1656 quidem
2553 1588 2686 1645 dicit
2714 1604 2912 1646 canon.
2951 1590 3031 1646 Tu
3059 1601 3245 1648 autem
3276 1594 3394 1666 lege
3424 1610 3546 1663 qua}
3580 1595 3633 1651 in

2050 1676 2215 1731 dictis
2255 1678 2573 1748 apostolicis
2604 1682 2903 1738 canonibus
2934 1684 3135 1754 scripta
3170 1695 3318 1751 sunt,
3346 1695 3401 1742 et
3435 1701 3636 1741 secun-

2044 1768 2173 1823 dum
2224 1768 2313 1823 illa
2350 1780 2677 1839 praesentem
2718 1790 2937 1844 quoque
2961 1791 3227 1832 canonem
3283 1778 3549 1849 intellige,
3580 1788 3635 1834 et

2044 1861 2152 1924 dic,
2188 1862 2334 1930 quod
2378 1862 2414 1917 ii
2452 1880 2557 1919 non
2598 1866 3056 1922 existimabantur
3088 1884 3299 1924 sacram
3334 1872 3634 1940 participa-

342 1959 431 2013 ὅτι
476 1959 536 2013 οὐ
584 1958 1005 2032 λογισθήσονται
1083 1926 1566 2031 ἀποστρεφόμενοι
1618 1952 1723 2030 τῆν’
1769 1960 1933 2026 ἁγίαν

2048 1953 2248 2007 tionem
2278 1956 2545 2021 aversari,
2576 1957 2667 2026 qui
2692 1974 2812 2012 eam
2846 1956 2971 2013 odio
3001 1959 3206 2015 habent
3236 1972 3289 2015 et
3313 1962 3635 2018 abominan-

347 2051 658 2125 μετάληψιν
680 2053 731 2106 οἱ
752 2054 1156 2125 μυσαττόμενοι
1182 2053 1375 2125 αὐτὴν,
1400 2054 1457 2125 ή,
1485 2053 1562 2116 ὦς
1592 2070 1735 2115 τινες
1754 2047 1931 2120 εἷπον,

343 2146 404 2201 οἱ
437 2145 507 2221 δι’
533 2146 826 2202 εὐλάϐειαν
865 2146 960 2201 καὶ
986 2146 1491 2217 ταπεινοφροσύνην
1521 2147 1933 2216 ἀποφεύγοντες

340 2236 554 2308 ταύτην
586 2237 655 2310 (οἱ
692 2238 793 2309 μέν
847 2240 955 2311 γὰρ
980 2240 1042 2293 οὐ
1076 2239 1239 2309 μόνον
1270 2238 1762 2311 ἀφορισθήσονται,
1795 2239 1933 2294 ά).λὰ

341 2332 442 2386 καὶ
475 2330 1031 2403 ἀποκηρυχθήσονται
1061 2332 1137 2396 ὡς
1182 2332 1481 2405 αἱρετικοίο
1516 2334 1565 2385 οἱ
1589 2332 1645 2385 δὲ
1686 2332 1935 2402 συγγνώ-

343 2442 461 2497 μης
503 2423 902 2495 ἀξιωθήσονται
928 2424 1018 2479 διὰ
1060 2426 1160 2496 τὴν
1192 2424 1494 2480 εὐλάϐειαν
1548 2426 1643 2479 καὶ
1695 2426 1795 2497 τὴν
1851 2426 1933 2491 είς

340 2520 415 2572 τὰ
478 2517 612 2586 ἆγια
669 2517 829 2585 ἀξίαν
888 2518 1080 2591 φειδὼ)
1112 2518 1233 2573 ἀλλ’
1288 2520 1493 2573 ἐκεῖνοι
1559 2520 1760 2580 οἵτινες
1817 2519 1932 2572 ἀπὸ

340 2611 814 2682 καταφρονήσεως
845 2612 939 2665 καὶ⁵
969 2610 1295 2677 ἀλαζονείας
1322 2610 1433 2665 ἀπὸ
1482 2611 1581 2681 τῆς
1632 2610 1932 2683 ἐκκλησίας

340 2703 660 2776 ἐξέρχονται
690 2704 799 2776 πρὸ
842 2706 944 2777 τῆς
978 2705 1142 2775 ἁγίας
1171 2703 1527 2777 μεταλήψεως
1555 2704 1929 2769 ἀσυντάκτως,

338 2798 439 2851 καὶ
468 2798 530 2850 οὐ
560 2798 926 2869 καρτεροῦσιν
972 2799 1099 2851 ίδεῖν
1128 2798 1227 2869 τὴν
1250 2796 1360 2851 τῶν
1387 2796 1561 2866 ἁγίων
1614 2796 1931 2868 μυστηρίων

341 2887 497 2941 θείαν
542 2889 869 2960 μετάληψιν.
916 2890 1159 2944 Ἀκούων
1183 2890 1239 2942 δὲ
1291 2890 1386 2942 τού
1417 2889 1645 2952 κανόνος
1672 2888 1929 2956 λέγοντος

342 2979 747 3050 ἀκοινωνήτους
793 2976 936 3033 εἷναι
985 2982 1113 3041 τοὺς
1166 2980 1502 3041 ἐπισκόπους
1552 2979 1650 3031 καὶ
1706 2978 1929 3042 λοιποὺς

344 3071 680 3141 ίερωμένους
702 3072 831 3135 τοὺς
886 3072 1318 3141 συνευχομένους
1360 3072 1476 3133 τοῖς
1512 3071 1925 3141 ἀκοινωνήτοις,

344 3162 423 3232 μὴ
455 3162 616 3234 εἴπῃς
666 3163 725 3230 ἐξ
767 3163 1181 3232 ἁντιδιαστο).ἧς
1238 3162 1567 3227 ἀνευθύνους
1618 3161 1759 3217 εἶναι
1799 3165 1928 3229 τοὺς

340 3254 564 3319 λαῖκοὺς
596 3254 750 3324 παρὰ
770 3254 860 3308 τὸν
894 3254 1097 3309 κανόνα
1131 3255 1442 3318 ποιοῦντας.
1491 3256 1600 3310 Kal
1639 3247 1790 3310 οὗτοι
1814 3257 1926 3329 γὰρ
1958 3285 2003 3343 c

341 3343 811 3415 ἀφορισθήσονται
878 3344 1021 3399 κατὰ
1059 3346 1153 3399 τὸν
1211 3341 1242 3397 ι’
1282 3344 1642 3401 ἀποστολικδν
1700 3348 1927 3415 κανόνα,

337 3437 434 3490 τὸν
463 3436 540 3507 μὴ
566 3436 950 3490 διαστέλλοντα
980 3438 1284 3509 κληρικοὺς
1315 3439 1412 3492 καὶ
1458 3442 1709 3504 λαῖκούς.
1767 3442 1933 3513 Ζήτει

340 3526 439 3581 καὶ
466 3526 557 3581 τὸν
581 3523 625 3577 θ’
681 3527 883 3580 κανόνα
911 3528 1008 3597 τῆς
1044 3531 1102 3580 ὲν
1134 3528 1466 3601 Καρθαγένῃ
1522 3530 1769 3585 συνόδου.
1828 3533 1931 3587 Διά

336 3618 439 3690 τὴν
471 3617 722 3689 ἀπειλὴν,
755 3617 828 3682 ὡς
860 3618 1029 3682 ἔοικε,
1076 3618 1171 3671 τοῦ
1200 3617 1251 3687 η’
1296 3638 1419 3674 καν.
1441 3622 1534 3674 καὶ
1570 3619 1615 3674 θ’
1631 3623 1739 3677 τῶν
1763 3624 1933 3691 ἁγίων

336 3710 680 3775 ἀποστόλων,
716 3710 798 3764 ἔτι
849 3708 1066 3765 καὶτοῦ
1098 3711 1363 3787 παρόντος
1394 3713 1688 3785 ἐπενοήθη,
1717 3714 1791 3779 ὡς
1820 3715 1931 3768 ἔοι-

340 3820 462 3869 κεν,
496 3803 650 3875 ήτοῦ
701 3802 1004 3874 ἀντιδὼρου
1039 3803 1313 3866 διάδοσις·
1354 3803 1494 3858 ὥστε
1522 3808 1814 3877 καρτερεῖν
1871 3807 1931 3874 ἐξ

337 3896 588 3966 ἀνάγκης
621 3898 718 3951 καὶ
752 3897 955 3961 αὐτοὺς
975 3895 1103 3960 τοὺς
1133 3896 1209 3967 μὴ
1226 3897 1565 3969 δυναμένους
1594 3898 1930 3967 μεταλαϐεῖν

336 3988 448 4042 τῶν
480 3990 767 4060 ἀχράντων
803 3987 1125 4060 μυστηρίων
1159 3988 1320 4059 μέχρι
1350 3990 1450 4060 τῆς
1487 3988 1654 4060 εὐχῆς
1703 3990 1797 4043 καὶ
1828 3990 1928 4062 τῆς

334 4079 682 4144 ἀπολύσεως·
722 4079 807 4134 ἶνα
856 4079 1094 4135 λάϐωσιν
1128 4080 1323 4133 ἐκτῶν
1375 4081 1576 4153 χειρῶν
1643 4080 1735 4135 τού
1783 4084 1933 4154 ἱερα-

333 4168 634 4232 τεύσαντος
689 4169 789 4241 τὴν
832 4169 1084 4239 εὐλογίαν
1141 4168 1237 4223 τοῦ
1282 4170 1621 4241 ἡγιασμένον
1679 4171 1928 4240 κλάσμα-

333 4277 449 4326 τος.
496 4263 626 4319 Ἐπὶ
661 4260 765 4331 τῆς
811 4262 1156 4333 λειτουργίας
1189 4263 1247 4315 δὲ
1293 4264 1389 4316 καὶ
1439 4264 1607 4334 μόνης
1661 4265 1771 4318 νόει
1800 4264 1932 4333 ,διο-

340 4354 599 4425 ρίζεσθαι
649 4354 824 4409 ταῦτα
879 4356 1009 4419 τοὺς
1055 4355 1324 4427 ῥηθέντας
1372 4356 1638 4420 κανόναςο
1694 4357 1757 4410 οὐ
1819 4355 1927 4428 μήν

332 4443 569 4501 ἐπὶτῶν
604 4445 811 4518 ἐτέρων
842 4444 1326 4515 ἐκκλησιαστικῶν
1352 4444 1713 4502 ἁκολουθιῶν.
1770 4446 1928 4500 Ἐπεὶ

332 4534 394 4587 δέ
448 4534 675 4605 λέγουσί
723 4551 891 4600 τινες,
928 4535 1041 4588 Καὶ
1062 4534 1148 4589 διὰ
1169 4534 1223 4588 τί
1254 4537 1281 4589 ὁ
1308 4535 1689 4604 οἱκουμενικὺς
1730 4554 1927 4608 πατρι-

2046 2053 2129 2098 tur
2156 2063 2171 2111 ;
2202 2047 2282 2102 vel
2310 2048 2423 2118 qui,
2450 2056 2509 2103 ut
2538 2050 2787 2104 nonnulli
2814 2051 3090 2117 dicebant,
3119 2063 3340 2123 propter
3371 2054 3631 2123 pietatem

2042 2148 2098 2194 et
2150 2140 2515 2197 humilitatem
2576 2159 2695 2199 eam
2746 2142 2959 2213 fugiunt
2994 2145 3092 2216 (illi
3115 2148 3281 2215 {enim
3303 2162 3406 2202 non
3454 2147 3633 2203 solum

2043 2233 2497 2302 segregabuntur,
2526 2237 2620 2291 sed
2645 2237 2809 2291 etiam
2833 2249 2889 2290 ut
2920 2238 3159 2293 haeretici
3180 2240 3632 2296 exterminabun-

2044 2333 2132 2379 tur
2160 2344 2175 2392 ;
2220 2326 2271 2381 hi
2300 2342 2449 2393 vero,
2486 2340 2710 2400 propter
2740 2332 2992 2401 pietatem
3021 2342 3072 2385 ιιι
3105 2335 3430 2403 condignam
3450 2351 3635 2393 sacra-

2042 2428 2349 2473 mentorum
2404 2422 2766 2497 reverentiam
2801 2424 2954 2476 venin
3005 2427 3149 2494 digni
3193 2426 3562 2497 habebuntur)
3611 2444 3628 2488 :

2040 2508 2134 2562 sed
2165 2509 2263 2574 illi,
2298 2511 2391 2580 qui
2420 2526 2530 2581 pra:
2562 2495 2876 2583 contemptu
2909 2526 2963 2569 et
2992 2518 3304 2588 arrogantia
3351 2532 3419 2573 ex
3452 2520 3632 2575 eccle-

2040 2600 2119 2656 sia
2144 2611 2270 2656 ante
2295 2614 2542 2659 sanctam
2575 2604 3048 2675 participationem
3076 2608 3382 2665 inordinate
3406 2622 3628 2678 exeunt,

2043 2710 2143 2750 nec
2165 2709 2382 2750 sacram
2407 2696 2715 2752 divinorum
2741 2702 3127 2771 mysteriorum
3156 2704 3630 2774 participationem

2042 2786 2243 2841 intueri
2273 2788 2566 2845 suStinent.
2589 2790 2727 2846 Cum
2755 2802 2934 2847 autem
2963 2794 3120 2849 audis
3151 2809 3417 2851 canonem
3446 2797 3633 2853 dicen-

2042 2886 2186 2944 tem,
2236 2894 2358 2934 esse
2404 2882 2907 2939 excommunicatos
2957 2886 3242 2955 episcOpos
3291 2897 3346 2941 et
3391 2887 3629 2958 reliquos

2039 2969 2212 3025 sacris
2246 2970 2513 3036 initiatos,
2541 2973 2633 3043 qui
2663 2989 2767 3027 una
2802 2990 2925 3029 cum
2960 2979 3454 3034 excommunicatis
3497 2994 3624 3050 pre-

2038 3068 2268 3126 cantur;
2302 3075 2368 3115 ne
2408 3062 2637 3129 dixeris,
2668 3077 2989 3135 argumento
3017 3082 3046 3121 a
3069 3071 3350 3126 contrario
3380 3083 3627 3141 sumpto,

2039 3148 2212 3206 laicos
2240 3152 2374 3206 nulli
2408 3169 2527 3209 esse
2555 3171 2731 3225 postne
2760 3158 2973 3224 aﬂines,
3005 3161 3095 3229 qui
3126 3172 3326 3230 praeter
3354 3177 3625 3221 canonem

2039 3241 2271 3298 faciunt.
2316 3242 2449 3299 Nam
2485 3255 2540 3300 et
2580 3246 2618 3302 ii
2657 3250 3096 3318 segregabuntur
3123 3254 3422 3309 secundum
3468 3255 3623 3311 deci-

2038 3349 2183 3389 ntum
2217 3350 2479 3392 canonem
2512 3339 2898 3406 apostolicum,
2924 3340 3017 3411 qui
3054 3358 3158 3397 non
3194 3345 3484 3414 distinguit
3511 3346 3627 3403 cle-

2035 3426 2181 3484 ricos
2219 3436 2275 3483 et
2309 3427 2497 3483 laicos.
2536 3429 2731 3497 Quaere
2767 3440 2822 3485 et
2851 3447 3056 3488 nonum
3094 3450 3361 3493 canonem
3390 3437 3629 3496 Cartha-

2033 3520 2300 3590 giniensis
2332 3523 2547 3593 synodi.
2585 3524 2819 3595 Pr0pter
2848 3527 3057 3593 minas,
3091 3540 3151 3584 ut
3186 3531 3487 3589 verisimile
3512 3545 3623 3601 est,

2033 3627 2301 3670 canonum
2351 3614 2386 3669 8
2434 3624 2488 3670 et
2531 3616 2565 3671 9
2609 3628 2927 3673 sanctorum
2976 3622 3347 3690 apostolorum
3398 3636 3452 3680 et
3487 3641 3627 3696 prm-

2034 3705 2205 3760 scntis
2242 3707 2430 3773 etiam,
2475 3710 2783 3779 excogitata
2835 3718 2940 3776 est,
2992 3723 3051 3766 ut
3087 3713 3323 3782 videtur,
3370 3715 3622 3774 Antidori

2033 3798 2385 3866 distributio;
2435 3810 2493 3856 ut
2547 3817 2770 3860 necesse
2812 3804 3099 3872 haberent,
3151 3809 3314 3863 etiam
3367 3811 3459 3881 qui
3511 3827 3620 3867 non

2032 3904 2260 3960 possunt
2292 3893 2696 3949 incruentorum
2727 3898 3122 3954 sacriﬁciorum
3150 3901 3443 3972 participes
3470 3918 3617 3973 esse,

2034 4000 2204 4053 usque
2229 3985 2295 4039 ad
2328 4001 2517 4056 preces
2547 3997 2602 4043 et
2631 3987 3030 4045 absolutionem
3063 4007 3418 4062 perseverare
3444 4014 3460 4063 ;
3499 4006 3557 4053 ut
3589 4012 3623 4055 e

2034 4073 2286 4129 manibus
2344 4090 2501 4131 sacra
2562 4080 2873 4148 peragentis
2928 4082 3256 4138 sanetiticati
3321 4082 3619 4155 fragmenti

2030 4163 2466 4221 benedictionem
2490 4167 2831 4237 acciperent.
2861 4168 2937 4225 De
2964 4170 3181 4240 liturgia
3213 4182 3415 4241 autem,
3444 4190 3621 4248 eaque

2032 4256 2147 4311 sola
2199 4256 2374 4310 dictos
2417 4271 2659 4313 canones
2693 4258 2812 4315 haec
2841 4260 3154 4317 decrevisse
3193 4263 3471 4337 intellige,
3510 4283 3618 4324 non

2032 4350 2161 4405 item
2199 4350 2264 4404 de
2299 4348 2421 4406 aliis
2455 4350 2850 4408 ecclesiasticis
2883 4351 3101 4410 ol‘liciis.
3134 4355 3403 4423 Quoniam
3432 4370 3615 4415 autem

2031 4444 2218 4499 dicunt
2240 4443 2484 4515 quidam,
2507 4452 2563 4498 et
2584 4444 2937 4514 quamobrem
2965 4446 3271 4516 patriarcha
3300 4448 3466 4522 5.32
3496 4452 3619 4507 uni-

2035 4535 2263 4591 versalis
2307 4544 2493 4591 sancta
2539 4536 2820 4593 Dominica
2852 4551 2883 4591 a
2930 4536 3048 4594 loco
3073 4538 3191 4609 ejus
3222 4544 3479 4610 prodiens
3508 4558 3616 4600 non

331 4623 521 4701 άρχης
555 4626 657 4698 τὴν
696 4628 861 4696 ἁγίαν
925 4627 1217 4698 Κυριακὴν
1273 4629 1607 4698 προκύπτων
1662 4624 1774 4682 ἀπὸ
1825 4630 1920 4683 τοῦ

2037 4638 2344 4699 perseverat
2397 4643 2571 4699 usque
2619 4630 2686 4683 ad
2735 4629 2971 4702 liturgiae
3017 4633 3443 4703 absolutionem,
3518 4639 3616 4693 sed

332 4718 613 4774 στασιδίου
642 4717 805 4772 αὐτοῦ
837 4717 898 4771 οὐ
933 4719 1194 4789 καρτερεῖ
1228 4717 1393 4790 μέχρι
1451 4719 1552 4789 τῆς
1604 4718 1924 4789 ἀπολύσεως

328 4807 434 4878 τῆς
487 4810 851 4882 λειτουργίας,
894 4810 1030 4864 ἀλλὰ
1070 4812 1211 4880 μετά
1268 4812 1327 4865 τὸ
1395 4812 1730 4883 Εὐαγγέλιον
1785 4815 1922 4869 ὐπο-

331 4903 545 4971 χωρεῖς
580 4902 843 4971 ἐλέγομεν
898 4902 1037 4973 πρὸς
1095 4902 1317 4967 αὐτοὺς,
1381 4904 1465 4957 ὅτι
1497 4903 1702 4975 κυρίως
1734 4906 1767 4973 ἡ
1798 4904 1919 4959 θεία

330 4987 656 5065 λειτουργία
716 4993 855 5064 μετά
913 4992 1013 5064 τὴν
1048 4990 1142 5046 τοῦ
1201 4993 1362 5061 ἁγίου
1417 4993 1753 5063 Εὐαγγελίου
1787 4995 1919 5051 ἀνά-

331 5095 539 5148 γνωσιν
599 5084 828 5153 γίνεται.
899 5082 1052 5137 Ἐπεὶ¹
1098 5084 1209 5156 γὰρ
1286 5083 1505 5139 ἅπαντα
1557 5084 1628 5139 τά
1681 5089 1739 5139 ἐν
1795 5088 1918 5150 ταῖς

336 5173 529 5241 ἁγίαις
561 5179 884 5247 ἐκκλησίαις
924 5177 1201 5248 ψάλλομεν
1238 5179 1319 5241 είς
1348 5176 1507 5243 δόξαν
1534 5180 1630 5231 τοῦ
1672 5178 1830 5244 Θεοῦ,
1889 5178 1923 5249 ἢ

332 5269 448 5322 ἀπὸ
496 5273 607 5327 τῶν
636 5276 735 5344 τῆς
777 5272 1019 5336 Παλαιᾶς
1076 5272 1352 5343 Διαθήκης
1390 5274 1528 5327 εἰσιν
1585 5272 1619 5342 ἢ
1659 5272 1767 5327 ἀπὸ
1828 5274 1928 5343 τῆς

335 5360 485 5427 Νέας
511 5384 526 5398 ο
561 5369 701 5438 μετὰ
743 5368 845 5439 τὴν
880 5367 1108 5441 ἀναρξιν
1140 5365 1247 5436 γὰρ
1271 5367 1468 5419 αὐτίκα
1491 5365 1697 5437 ψαλμοὶ
1749 5384 1927 5437 στιχο-

332 5453 629 5525 λογοῦνται
674 5461 838 5531 μέχρι
894 5461 994 5530 τῆς
1035 5460 1128 5514 τοῦ
1183 5458 1508 5512 ’Δποστόλου
1544 5456 1921 5526 ἀναγνώσεως,

331 5548 537 5617 οἵτινες
589 5557 690 5626 τῆς
738 5555 982 5618 Παλαιᾶς
1042 5544 1147 5608 εἰσι
1182 5554 1482 5624 Διαθήκης.
1545 5554 1704 5608 Μετὰ
1759 5554 1813 5607 δὲ
1862 5554 1923 5606 τὸ

334 5641 679 5718 Εὐαγγέλιον
703 5648 991 5718 meum)
1030 5647 1222 5717 τελετὴ
1280 5649 1378 5716 τῆς
1416 5646 1764 5716 λειτουργίας
1824 5647 1923 5714 τῆς

335 5733 761 5814 ὐπεραχράντου
809 5740 1040 5803 θυσίας’
1106 5740 1288 5802 καλῶς
1354 5742 1381 5791 ὁ
1416 5738 1764 5809 πατριάρχης
1818 5737 1923 5809 πρὸ

332 5828 543 5900 ταύτης
604 5834 700 5887 καὶ
765 5830 905 5900 μετὰ
932 5833 992 5883 τὸ
1019 5830 1176 5898 ἆγιον
1237 5831 1572 5898 Εὐαγγέλιον
1623 5830 1923 5900 ὑποχωρεῖ,

337 5917 433 5970 καὶ
491 5925 563 5979 οὐ
624 5924 954 5999 προσκρούει
1004 5926 1115 5992 τοῖς
1176 5924 1417 5979 κανόσιν.
1467 5923 1629 5977 Ὥστε
1687 5922 1807 5976 οὐδέ
1833 5939 1919 5985 τις

2024 4732 2149 4791 post
2179 4720 2528 4792 Evangeliunt
2570 4720 2811 4776 recedit?
2854 4722 3005 4778 hisce
3044 4723 3295 4790 dicimus,
3339 4727 3482 4796 quod
3531 4728 3616 4782 di-

2028 4814 2151 4867 vina
2176 4814 2389 4883 liturgia
2416 4821 2537 4883 post
2561 4814 2734 4869 sancti
2767 4813 3041 4883 Evangelii
3066 4815 3356 4872 lectionem
3392 4819 3613 4889 proprie

2024 4904 2353 4960 celebratur.
2386 4904 2842 4975 Quandoquidem
2865 4908 3009 4960 enim
3042 4907 3097 4961 in
3130 4908 3336 4963 sanetis
3362 4910 3612 4967 ecclesiis

2026 5001 2207 5056 omnia
2241 5000 2486 5056 canimus
2522 5000 2575 5054 in
2616 5000 2707 5055 Dci
2756 5000 3007 5070 gloriam,
3056 5002 3173 5057 sive
3210 5016 3241 5057 e
3288 5002 3466 5059 Veteri
3502 5003 3613 5059 sint

2026 5093 2396 5161 Testamento,
2442 5094 2559 5148 sive
2608 5107 2639 5148 e
2690 5090 2881 5160 Novo;
2931 5101 3057 5164 post
3099 5095 3422 5166 principium
3466 5097 3610 5153 enim

2024 5187 2273 5257 protinus
2306 5183 2499 5241 ordine
2544 5186 2847 5240 recitantur
2892 5185 3109 5253 psalmi,
3148 5201 3320 5255 usque
3355 5188 3422 5241 ad
3464 5188 3612 5257 Apo-

2023 5277 2147 5333 stoli
2194 5277 2509 5342 lectionem,
2549 5275 2644 5347 qui
2671 5276 2888 5346 quidem
2925 5286 3051 5332 sunt
3089 5292 3154 5334 ex
3207 5276 3388 5334 Veteri
3426 5279 3615 5336 Testa-

2026 5377 2231 5431 mento,
2273 5375 2396 5438 post
2428 5364 2777 5435 Evangeliutn
2815 5376 2993 5420 autem
3046 5367 3237 5438 incipit
3287 5373 3612 5426 eteremonia

2024 5460 2336 5516 celebrandi
2396 5461 2665 5515 incruenti
2726 5458 2983 5514 sacrificii
3047 5475 3063 5513 :
3116 5462 3426 5531 patriarcha
3487 5475 3614 5519 ante

2028 5556 2189 5616 hanc,
2224 5561 2280 5607 et
2322 5560 2444 5622 post
2482 5563 2733 5607 sanctum
2784 5550 3137 5622 Evangeliunt
3173 5563 3323 5611 recte
3358 5555 3611 5625 discedit,

2024 5658 2075 5700 et
2106 5634 2369 5697 canonem
2396 5658 2503 5696 non
2532 5641 2958 5711 transgreditur.
2982 5640 3050 5696 Ut
3076 5657 3175 5696 nec
3197 5645 3319 5712 quis
3340 5652 3613 5717 transgre-

2024 5741 2191 5802 ditur,
2252 5740 2297 5792 εἰ
2352 5747 2475 5807 post
2527 5735 2881 5806 Evangelium
2946 5735 3029 5787 vel
3086 5747 3212 5790 ante
3260 5735 3610 5811 Evangelinm

2025 5828 2298 5896 discedit;
2346 5844 2534 5882 verum
2568 5827 2637 5881 ob
2678 5827 3043 5883 necessariam
3080 5829 3337 5900 piamque
3364 5844 3608 5898 cansmn,

2030 5939 2141 5980 non
2182 5923 2251 5979 ob
2277 5920 2717 5993 vituperabilem.
