4076 6390
396 406 534 470 Ῑὲ83

1666 396 1944 459 THEUD.
1984 394 2072 455 BA
2082 394 2388 457 LSAMON

3528 376 3673 452 1284

394 515 835 590 προσκρούει,εί
889 514 1027 586 μετά
1062 513 1121 567 τδ
1150 513 1489 581 Εὐαγγέλιον
1535 512 1709 585 ἣπρδ
1738 510 1834 565 τοῦ
1913 506 2251 576 Εὑαγγελίου
2315 505 2614 576 ἀποχωρεῖ,
2666 502 2805 575 πλὴν
2881 502 2969 557 διὰ
3028 498 3333 571 ἀναγκαίαν
3400 490 3496 555 καὶ
3587 501 3671 557 εὐ-

394 613 528 682 σεόἦ
559 610 758 673 αἰτίαν,
797 609 891 662 καὶ
928 607 1003 678 μὴ
1032 606 1315 675 ἐπίψογον.

463 703 741 761 ΖΟΝΑΒ.-
772 704 902 769 Quae
934 702 1093 770 hujus
1120 715 1333 769 quoque
1356 700 1546 769 synodi
1579 698 1766 753 Patres
1792 698 1983 753 decre-

404 814 542 864 vere,
577 811 721 852 nono
748 796 1049 864 apostolico
1079 808 1288 847 canone
1312 790 1662 863 respondent.
1697 791 1793 845 illo
1828 808 1982 846 nam-

399 904 501 959 que
539 888 850 956 quicunque
900 884 1085 937 ﬁdeles
1144 882 1429 936 ecclesiam
1487 882 1885 951 ingrediuntur,
1932 891 1984 934 et

401 981 715 1049 Scripturas
745 978 995 1039 audiunt,
1029 986 1136 1029 tum
1175 975 1487 1043 precatione
1514 984 1810 1043 sanctaque
1839 988 1988 1028 com-

403 1072 659 1126 munione
688 1070 927 1123 nomium
963 1067 1198 1136 peractis
1229 1066 1536 1130 discedunt,
1568 1080 1623 1120 ut
1646 1066 1983 1121 coafusionis

412 1181 454 1215 'n
487 1160 718 1216 ecclesia
763 1167 1017 1212 auctores
1047 1158 1324 1226 segregari
1358 1170 1617 1225 oportere
1648 1158 1981 1211 decernitur.

401 1256 498 1310 Hie
526 1256 689 1325 igitur
718 1255 908 1307 eodem
943 1253 1099 1305 modo
1123 1252 1333 1315 Patres,
1361 1252 1671 1321 quicunque
1694 1253 1985 1306 ecclesiam

403 1351 665 1403 adeuntes
700 1348 999 1418 precatiOni
1035 1346 1175 1398 haud
1214 1346 1498 1411 assistunt,
1534 1360 1708 1415 neque
1737 1360 1984 1400 commu-

404 1444 609 1507 nit-ant,
639 1455 704 1494 ex
734 1439 964 1506 quadam
996 1437 1357 1507 perversitate
1386 1452 1450 1491 ac
1480 1437 1718 1503 licentia,
1757 1436 1856 1492 hoc
1889 1444 1991 1500 est,

406 1531 547 1583 nulla
591 1529 737 1598 justa
781 1542 946 1579 causa
1000 1525 1383 1589 interdicente,
1435 1527 1527 1581 sed
1579 1525 1882 1594 petulanter
1928 1539 1993 1578 ac

410 1636 648 1682 temere;
678 1635 773 1673 eos
802 1629 954 1672 extra
983 1616 1267 1671 ecclesiam
1300 1617 1515 1686 expelli,
1553 1618 1654 1672 hoc
1678 1624 1781 1683 est,
1809 1630 1992 1686 segrev

409 1715 524 1784 gari
572 1721 732 1782 atque
772 1723 925 1765 extra
968 1711 1199 1763 ﬁdelium
1239 1721 1437 1763 emtum
1467 1709 1734 1764 elintinari
1759 1709 1993 1776 jussere.

409 1807 763 1860 Aversionem
798 1818 960 1873 porro
993 1804 1093 1857 hoc
1126 1803 1245 1856 loco
1271 1802 1480 1868 Patres,
1517 1819 1623 1857 non
1653 1803 1838 1858 odium
1868 1818 1994 1873 erga

412 1900 651 1953 divinam
687 1899 1125 1949 communionem
1158 1910 1585 1964 ,nuncupavcre,
1619 1911 1726 1964 quo
1775 1895 1993 1964 impulsi

2018 604 2065 660 Δ

2158 690 2405 748 ΖΩΝΑΡ.
2470 685 2813 750 Ἀκολούθως
2843 684 2924 756 τῷ
2947 684 3295 753 ἀποστολικῷ
3328 682 3533 753 έννάτῳ
3566 700 3674 738 κα·

2088 788 2199 841 νόνι
2235 787 2282 839 οἱ
2317 784 2416 852 τῆς
2444 780 2733 851 παρούσης
2774 779 2993 834 συνόδου
3023 780 3271 848 Πατέρες
3338 776 3678 845 διετάξαντο.

2089 880 2253 947 Λέγει
2294 875 2403 946 γὰρ
2432 875 2639 936 ἐκεῖνος
2699 876 2908 935 πάντας
2940 873 3068 936 τοὺς
3097 872 3366 935 εἰσιόντας
3425 872 3678 934 πιστοὺς,

2090 974 2185 1026 καῖ
2210 971 2317 1024 τῶν
2340 970 2574 1038 Γραφῶν
2595 966 2916 1030 ἀκούοντας,
2955 965 3028 1036 μὴ
3055 964 3477 1034 παραμένοντας
3520 964 3575 1016 δέ
3610 964 3682 1034 τῇ

2092 1064 2224 1135 ἁγίᾳ
2259 1062 2582 1132 μεταλήψει,
2637 1058 2713 1122 ὡς
2768 1058 2997 1124 ἀταξίαν
3056 1056 3417 1127 ἐμποιοῦντας
3471 1058 3535 1125 τῇ
3586 1057 3684 1108 ἐκ-

2093 1157 2311 1226 κλησίᾳ,
2356 1153 2711 1227 ἀφορίζεσθαι
2766 1153 2895 1223 χρὴ.
2948 1151 3060 1204 Καὶ
3118 1144 3265 1205 οὗτοι
3314 1151 3501 1203 τοίνυν
3550 1150 3683 1211 τοὺς

2094 1247 2365 1308 εἰσιόντας
2402 1246 2484 1307 είς
2519 1242 2841 1312 ἐκκλησίαν,
2871 1241 2965 1294 καὶ
3016 1240 3091 1310 μὴ
3138 1240 3550 1309 προσμένοντας
3610 1240 3686 1306 τῇ

2096 1340 2261 1410 εὐχῇ,
2310 1338 2446 1410 μηδέ
2487 1334 3011 1408 μεταλαμϐάνοντας
3042 1334 3184 1385 κατά
3252 1349 3376 1384 τινα
3434 1330 3687 1395 ἀταξίαν,

2095 1434 2264 1505 ἧγουν
2302 1433 2362 1484 οὔ
2391 1430 2457 1483 δι’
2486 1430 2665 1482 αἰτίαν
2686 1428 2932 1496 εὔλογον,
2963 1425 3080 1479 ἀλλ’
3112 1424 3368 1487 ἀτάκτως
3406 1425 3500 1475 καὶ
3524 1424 3682 1476 ἀναι-

2096 1524 2250 1586 τίως,
2300 1520 2646 1591 ἀποὸλὴτους
2707 1518 2957 1587 γίνεσθαι
3007 1518 3105 1586 τῆς
3164 1515 3465 1582 ἐκκλησίας
3503 1512 3686 1581 διωρί-

2102 1633 2284 1680 σαντο,
2312 1615 2489 1685 ἧγουν
2516 1611 2936 1684 ἀφωρισμένως
2967 1608 3061 1661 καὶ
3116 1607 3219 1671 ἔξω
3254 1607 3353 1676 τῆς
3412 1600 3688 1669 συνάξεως

2099 1708 2207 1762 τῶν
2234 1707 2467 1761 πιστῶν.
2515 1704 2899 1774 Ἀποστροφὴν
2927 1703 2971 1755 δ’
3007 1701 3242 1755 ἐνταῦθα
3266 1700 3315 1751 oi
3349 1698 3593 1767 Πατέρες
3624 1699 3687 1750 οὐ

2101 1801 2161 1852 τὸ
2194 1801 2376 1871 μισεῖν
2421 1800 2521 1869 τὴν
2554 1798 2706 1849 θείαν
2743 1794 3047 1866 μετάληψιν
3078 1794 3389 1863 ὠνόμασαν,
3457 1790 3552 1843 καὶ
3601 1789 3691 1843 διὰ

2101 1895 2262 1948 τοῦτο
2289 1893 2581 1963 ἀνέχεσθαι
2618 1892 2717 1957 τῆς
2752 1890 3063 1952 κοινωνίας,
3116 1888 3253 1939 ἀλλὰ
3316 1891 3375 1938 τὸ
3435 1883 3688 1954 ἀποφεύ-

412 1992 628 2059 quidam
674 1990 741 2043 ab
772 1989 859 2042 illa
906 1990 1224 2055 abstinent;
1257 1990 1352 2042 sed
1382 1990 1671 2058 quamdam
1710 1991 1776 2041 ab
1819 2004 1881 2041 ea
1916 1986 1997 2040 fu-

2114 2005 2224 2057 γειν
2258 1988 2429 2059 αὐτὴν
2460 1986 2528 2039 δι’
2554 1984 2845 2039 εὐλάϐειαν
2877 1983 3039 2052 τάχα,
3076 1983 3171 2034 καί
3202 1975 3315 2034 οἷον
3350 1980 3439 2033 διά
3494 1996 3693 2032 ταπει-

413 2099 556 2152 gam,
593 2096 619 2134 a
647 2079 942 2135 reverentia
967 2078 1196 2133 fortasse
1215 2093 1278 2131 ac
1306 2077 1469 2143 veluti
1503 2077 1571 2131 ab
1599 2077 1759 2131 animi
1795 2075 1996 2130 demis-

416 2174 570 2228 sione
624 2170 939 2239 profectam.
999 2170 1101 2235 Qui
1160 2185 1393 2240 namque
1446 2186 1513 2224 ex
1567 2169 1692 2222 odio
1735 2178 1787 2222 ct
1832 2168 2000 2222 animi

415 2264 712 2321 olIensione
736 2278 947 2317 sacram
981 2264 1418 2317 communionem
1452 2270 1837 2317 aversarentur
1861 2300 1877 2326 ,
1909 2275 2003 2315 eos

417 2370 523 2408 non
548 2354 951 2423 segregatione,
981 2354 1073 2407 sed
1105 2352 1329 2408 omnino
1357 2352 1603 2406 absoluta
1629 2351 2004 2406 excommuni-

419 2450 630 2501 catione
657 2456 817 2516 atque
848 2446 1200 2500 anathemate
1233 2444 1486 2499 damnari
1533 2444 1890 2514 oportuisset.
1924 2443 1999 2496 lix

422 2554 487 2593 eo
534 2554 685 2606 Vero,
719 2541 861 2608 quod
919 2537 1314 2609 segregationis
1372 2536 1574 2591 mentio
1630 2536 1828 2606 injecta
1892 2546 1999 2598 est,

422 2634 550 2688 illud
574 2649 789 2702 quoque
824 2633 1109 2696 addidere,
1165 2641 1224 2684 ut
1264 2645 1331 2685 ne
1358 2631 1610 2697 cuiquam
1649 2644 1769 2681 cum
1805 2628 1891 2693 iis,
1918 2629 2007 2698 qui

424 2726 806 2779 communione
841 2724 968 2777 moti
1015 2724 1099 2777 vel
1140 2733 1293 2776 extra
1331 2722 1617 2776 ecclesiam
1653 2721 1808 2791 ejecti
1856 2731 2006 2788 sunt,

424 2820 855 2885 communicare,
894 2832 1073 2885 neque
1107 2818 1159 2871 in
1192 2818 1405 2887 privata
1433 2816 1594 2869 domo
1627 2831 1751 2869 cum
1787 2815 1853 2870 iis
1888 2830 2012 2884 pre-

426 2913 627 2967 cationi
654 2926 871 2974 vacare,
903 2924 1080 2979 neque
1112 2925 1240 2963 vero
1268 2909 1317 2963 in
1347 2909 1571 2963 alteram
1605 2923 1698 2962 eos
1724 2908 2010 2963 ecclesiam

428 3005 638 3058 admitti
675 3005 831 3057 liceat
868 3017 882 3054 :
922 3004 1010 3070 qui
1045 3018 1173 3056 vero
1202 3000 1465 3071 ejusiuodi
1496 3001 1744 3055 homines
1779 3001 1847 3053 ad
1894 3016 2014 3070 pre-

428 3095 658 3148 c;ttionis
716 3095 1031 3147 sacietatem
1095 3103 1189 3145 aut
1247 3093 1299 3144 in
1350 3090 1636 3143 ecclesiam
1690 3092 2011 3156 receperint,

431 3186 629 3254 quippe
663 3184 889 3240 canonis
935 3182 1292 3238 ecclesiastici
1353 3182 1682 3248 turbatores,
1708 3183 1856 3250 ipsos
1879 3198 2018 3251 quo-

430 3289 536 3344 que
582 3276 960 3329 communione
1010 3274 1249 3343 privatos
1290 3289 1432 3327 esse.
1472 3271 1673 3325 Eadem
1722 3273 1934 3327 decimo
1965 3283 2019 3329 et

2110 2079 2458 2153 νοφροσύνην
2482 2079 2616 2150 (45).
2646 2078 2708 2132 Ei
2739 2078 2849 2149 γὰρ
2877 2076 2950 2140 ὡς
2988 2076 3275 2146 μισοῦντες
3340 2073 3437 2126 καὶ
3483 2089 3693 2140 μυσατ-

2109 2175 2329 2244 τόμενοι
2358 2172 2458 2242 τὴν
2495 2172 2660 2240 ἁγίαν
2685 2168 2991 2240 μετάληψιν
3018 2165 3430 2238 ἀπεστρέφοντο
3452 2164 3680 2231 ταύτην,

2112 2266 2212 2319 οὐκ
2246 2264 2312 2318 ἂν
2355 2264 2671 2336 ἀφορισμῷ,
2697 2263 2810 2316 ἀλλ’
2857 2261 3199 2332 ἀποκηρύξει
3231 2259 3416 2330 τελεία
3447 2258 3542 2311 καὶ
3567 2261 3690 2312 ἀνα-

2113 2358 2311 2428 θέματι
2374 2357 2847 2427 κατεδικάσθησαν
2906 2356 2992 2410 ἄν.
3058 2355 3211 2407 Ἐπεὶ
3273 2353 3331 2406 δὲ
3383 2350 3692 2421 ἀφορισμοῦ

2112 2452 2489 2524 ἐμνήσθησαν,
2539 2451 2872 2522 προσέθεντο
2940 2450 3034 2504 καὶ
3092 2449 3154 2502 τὸ
3205 2450 3282 2520 μὴ
3339 2447 3532 2513 ἐξεῖναί
3577 2463 3687 2498 τινι

2112 2546 2397 2597 κοινωνεῖν
2427 2546 2538 2607 τοῖς
2575 2544 2969 2613 ἀκοινωνήτοις
3018 2542 3113 2596 κοιλ⁵
3156 2544 3276 2603 τοῖς
3334 2540 3692 2608 ἀποϐληίεῑσι

2107 2639 2207 2707 τῆς
2252 2637 2576 2705 ἐκκλησίας,
2639 2639 2778 2707 μήτε
2836 2640 2894 2690 ἐν
2920 2638 3056 2706 οἴκῳ
3104 2638 3257 2698 τινὰς
3314 2635 3696 2705 συνεύχεσθαι,

2114 2729 2249 2800 μήτε
2280 2728 2386 2798 μὴν
2418 2729 2480 2795 ἐκ(
2504 2728 2669 2798 ἑτέρᾳ
2728 2728 2992 2798 ἐκκλησίᾳ
3022 2727 3220 2788 αὐτοὺς
3281 2724 3642 2794 ὑποδέχεσθαι
3676 2739 3691 2754 ·

2111 2821 2235 2884 τοὺς
2271 2821 2326 2873 δέ
2354 2823 2467 2883 τοῖς
2513 2821 2783 2884 τοιούτοις
2836 2820 3267 2888 συνευχομένους
3302 2818 3334 2885 ἢ
3366 2816 3705 2887 ὑποδεχομέ-

2112 2932 2236 2977 νους
2264 2916 2462 2977 αὐτοὺς
2491 2916 2569 2975 είς
2603 2914 2900 2983 ἐκκλησίαν
2955 2915 3358 2980 ἁκοινωνήτους
3409 2911 3702 2970 κάκείνους

2114 3005 2276 3073 εῖναι,
2316 3007 2391 3072 ὡς
2417 3007 2751 3079 συγχέοντας
2806 3006 2900 3060 τὸν
2946 3006 3151 3059 κανόνα
3192 3007 3291 3069 τῆς
3345 3002 3702 3073 Ἐκκλησίας.

2117 3096 2197 3151 Τὰ
2220 3100 2360 3151 αὐτὰ
2390 3099 2445 3151 δέ
2470 3099 2564 3152 καὶ
2591 3100 2618 3151 ὁ
2646 3104 2676 3151 ι’
2707 3098 2799 3150 καὶ
2827 3102 2894 3149 ια’
2928 3097 3035 3150 τῶν
3059 3095 3221 3168 ἱερῶν
3252 3095 3571 3148 ἀποστόλων
3599 3112 3705 3147 κα-

2114 3188 2222 3242 νὼν
2258 3190 2384 3259 ἔφη,
2421 3188 2516 3242 καὶ
2539 3187 2621 3257 λγ¹
2651 3187 2831 3242 κανὼν
2860 3190 2958 3260 τῆς
3020 3190 3077 3240 ἐν
3135 3187 3429 3259 Λαοδικείᾳ
3480 3188 3708 3241 συνόδου

2102 3282 2282 3351 φησιν
2311 3281 2394 3334 ὅτι
2462 3281 2523 3335 οὐ
2556 3280 2637 3335 δεῖ
2661 3281 2925 3352 αἱρετικῴ
2970 3280 3003 3354 ἢ
3058 3279 3406 3353 σχισματικῷ
3453 3280 3714 3353 συνεύχε-

433 3366 721 3420 undecimo
746 3377 1059 3420 sanctorum
1091 3365 1463 3435 apostolorum
1489 3378 1696 3418 canone
1717 3367 2012 3418 constituta
2041 3366 2084 3424 C
2120 3372 2266 3423 σθαι.

432 3457 680 3521 fuerant;
709 3455 1015 3511 tricesimus
1053 3457 1245 3511 tertius
1283 3468 1496 3526 quoque
1523 3453 1843 3510 Laodicena:
1872 3460 2060 3529 synodi
2102 3476 2274 3517 canon
2313 3464 2597 3520 haereticos
2656 3474 2751 3519 aut
2789 3464 3171 3522 schismaticos
3238 3464 3307 3521 ad
3375 3466 3715 3536 precationis

433 3553 746 3607 societatem
778 3549 987 3604 admitti
1018 3560 1189 3605 vetat.

432 3641 660 3699 ARIST.
692 3664 709 3697 ι
749 3645 852 3711 Qui
886 3645 1173 3700 ecclesiam
1207 3642 1533 3709 ingreditur,
1557 3652 1613 3697 et
1649 3658 1837 3697 sacras
1870 3643 2019 3699 Scri-

514 3753 533 3786 ι
578 3746 765 3805 pturas
803 3744 1011 3790 attente
1046 3735 1217 3798 audit,
1249 3734 1448 3787 deinde
1483 3734 1735 3806 despicit,
1775 3746 1828 3791 ct
1860 3754 2020 3808 egre-

514 3846 533 3879 ι
576 3830 742 3893 ditur,
797 3837 865 3882 et‘
895 3835 1181 3881 aversatur
1228 3824 1691 3893 communionem,
1739 3829 2018 3896 ejiciatur,

518 3941 536 3973 ι
577 3937 746 3991 usque
779 3922 906 3974 dum
941 3916 1271 3990 paenitentia:
1304 3918 1538 3973 fructum
1570 3920 1886 3988 ostendens,
1924 3938 2019 3978 ve-

513 4030 532 4063 ι
575 4015 722 4067 niam
765 4019 1109 4080 assequatur.
1148 4010 1214 4065 Et
1254 4012 1342 4081 qui
1376 4026 1499 4065 cum
1546 4015 2019 4071 excommunicato

510 4122 539 4156 -ι
575 4104 960 4164 communicat,
1005 4103 1507 4158 excatmnuuicatus
1548 4107 1673 4173 erit,
1720 4119 1776 4161 et
1811 4108 1901 4177 qui
1952 4092 2047 4165 iis

506 4216 539 4250 ,ι
582 4204 978 4265 comprecatur,
1008 4196 1098 4263 qui
1151 4195 1395 4250 ecclesia:
1432 4212 1536 4251 non
1576 4210 2021 4267 comprecantur,

522 4306 542 4341 ι
583 4286 708 4344 rens
738 4299 843 4353 est,
872 4298 923 4343 et
954 4291 1044 4358 qui
1076 4302 1199 4343 eum
1234 4290 1463 4359 suscipit
1491 4290 1583 4359 qui
1614 4291 1861 4347 ecclesiae
1892 4308 2026 4348 con-

522 4398 541 4432 ι
582 4381 830 4434 ventibus
860 4396 963 4433 non
999 4381 1253 4445 interest,
1279 4397 1387 4434 non
1419 4390 1501 4436 est
1534 4393 1683 4436 extra
1724 4384 1960 4452 culpam.
2000 4401 2021 4436 ι

518 4471 607 4524 Ille
656 4473 817 4525 etiam
867 4471 1095 4525 ccciesia
1148 4482 1233 4525 est
1277 4473 1485 4541 ejectus
1536 4473 1625 4542 qui
1674 4472 1729 4525 in
1781 4478 2030 4527 oratione

449 4580 570 4616 cum
596 4563 789 4633 populo
815 4580 916 4616 nou
941 4565 1327 4627 communicat,
1356 4564 1449 4618 scd
1477 4576 1602 4617 ante
1630 4564 2023 4619 absolutionem

449 4656 583 4719 exit,
638 4666 703 4707 ut
757 4654 991 4707 divinam
1048 4656 1518 4723 participationem
1571 4669 1922 4713 contemnens
1970 4670 2025 4714 et

450 4762 730 4811 aversaris,
775 4762 943 4815 usque
983 4746 1113 4799 dum
1148 4747 1497 4814 resipiscens,
1544 4749 1885 4818 ptenitentite
1916 4749 2029 4806 fru-

450 4853 594 4895 ctum
636 4840 935 4895 ostenderit
985 4860 999 4895 z
1034 4843 1129 4894 sed
1175 4840 1386 4895 ardenti
1434 4843 1616 4897 animo
1656 4846 2029 4914 paenitentiam

2121 3645 2348 3701 ΛΡΙΣΤ.
2386 3664 2405 3699 ι
2425 3646 2486 3701 Ὀ
2510 3648 2591 3712 είς
2621 3645 2919 3719 ἐκκλησίαν
2947 3646 3155 3714 εἰσιὼν,
3180 3647 3275 3703 καὶ
3304 3649 3590 3719 προσέχων
3642 3654 3715 3722 τῇ

2201 3757 2219 3790 ι
2267 3740 2388 3809 ἱερᾷ
2420 3741 2631 3812 Γραφῇ,
2665 3736 2785 3793 εἶτα
2821 3741 3193 3812 περιφρονῶν,
3245 3744 3339 3794 καὶ
3387 3739 3568 3807 sum,
3615 3744 3716 3795 καὶ

2199 3843 2223 3881 τ
2265 3830 2749 3901 ἀποστρεφόμενος
2775 3830 2874 3902 τὴν
2902 3829 3229 3901 μετάληψιν,
3251 3831 3583 3897 ἀπόϐλητος,
3605 3830 3715 3895 ἕως

2203 3942 2222 3977 ι
2267 3923 2353 3989 ἂν,
2386 3923 2796 3995 ἐπιδειξάμενος
2822 3924 3034 3995 καρπὸν
3053 3927 3365 3994 μετανοίας,
3391 3941 3720 3995 συγγνωμο-
3747 3927 3757 3935 ’

2209 4034 2229 4068 ι
2273 4016 2432 4089 νηθῇ.
2468 4016 2579 4070 Καὶ
2605 4017 2954 4087 ἀκοινωνήτῳ
2985 4016 3260 4069 κοινωνῶν
3297 4017 3450 4071 ἔσται
3482 4018 3718 4071 ἀκοινώο

2204 4123 2224 4158 ι
2260 4122 2420 4176 νητος
2445 4121 2461 4138 ·
2495 4104 2588 4159 καὶ
2619 4106 2647 4157 ὁ
2679 4106 3070 4175 συνευχόμενος
3098 4107 3207 4168 τοῖς
3243 4106 3317 4175 μὴ
3344 4109 3411 4179 τῇ
3444 4108 3721 4181 ἐκκλητίν

2204 4216 2224 4249 ι
2266 4196 2698 4267 συνευχομένοις,
2736 4196 3058 4257 ὑπεύθυνος·
3096 4196 3192 4249 καὶ
3227 4199 3318 4250 τὶν
3354 4200 3428 4270 μὴ
3489 4202 3568 4263 εἰς
3618 4204 3716 4253 ἐκ-

2207 4308 2226 4345 σ
2267 4292 2496 4363 κλησίαν
2521 4292 2890 4362 συναγόμενον
2921 4293 2948 4345 ὁ
2981 4290 3373 4363 ὑποδεχόμενος
3403 4295 3504 4346 οὐκ
3559 4295 3689 4348 ἀναί

2184 4399 2214 4434 ι
2250 4399 2383 4444 τιος.
2422 4400 2440 4434 ι

2217 4474 2551 4544 ’Δπόῦλητος
2576 4475 2671 4528 καὶ
2693 4469 2849 4537 οὗτος
2876 4477 2977 4547 τῆς
3002 4478 3323 4549 ἐκκλησίας,
3370 4480 3401 4532 ’ὁ
3454 4481 3529 4553 μὴ
3589 4499 3723 4551 συγι

2136 4568 2411 4622 κοινωνῶν
2444 4568 2521 4639 τῷ
2544 4567 2658 4639 λαῷ
2683 4573 2780 4639 τῆς
2810 4570 3000 4639 εὐχῆς,
3064 4572 3180 4624 ἀλλ’
3202 4570 3558 4645 ἐξερχόμενος
3613 4579 3728 4646 πρὸ

2137 4659 2236 4729 τῆς
2262 4659 2579 4724 ἀπολύσεως
2600 4676 2611 4689 ⁸
2639 4662 2711 4723 ὡς
2736 4662 3089 4733 περιφρονῶν
3111 4668 3206 4718 καὶ
3234 4668 3726 4741 ἀποστρεφόμενος

2081 4817 2084 4820 γ
2136 4755 2234 4822 τὴν
2265 4750 2416 4805 θείαν
2446 4753 2769 4823 μετάληψιν,
2810 4754 2914 4817 ἕως
2944 4754 3030 4820 ἂν,
3089 4758 3518 4828 μεταμεληθεὶς,
3579 4779 3728 4832 καρ-

2140 4848 2240 4898 πὸν
2275 4846 2565 4915 μετανοίας
2602 4845 2935 4915 ἐνδείξηταις
2972 4850 3313 4917 μετανοήσας
3346 4849 3586 4921 θερμῶς,
3620 4870 3731 4906 πα-

451 4950 637 5003 agens,
670 4935 992 4988 admittitur.
1029 4934 1129 4999 Qui
1165 4951 1285 4987 eum
1335 4950 1517 4991 autem
1568 4938 1656 5006 qui
1691 4940 1935 4995 ecclesiae
1972 4957 2007 4996 si

2143 4937 2559 5008 ραδεχθήσεται.
2602 4937 2660 4991 '0
2686 4938 2741 4991 δὲ
2767 4940 2857 4992 τὸν
2899 4942 2980 5004 είς
3040 4942 3335 5011 ἐκκλησίαν
3362 4946 3438 5014 μὴ
3495 4948 3733 5013 συναγό-

454 5043 556 5082 non
585 5030 880 5097 conjungit,
913 5044 1009 5081 nec
1033 5046 1152 5081 cum
1184 5028 1429 5083 fidelibus
1454 5046 1855 5100 cotttprecatur,
1889 5036 2032 5088 reci-

454 5124 549 5187 pit,
583 5130 638 5173 et
685 5120 935 5188 privatim
968 5134 1092 5174 cum
1126 5137 1189 5173 eo
1225 5132 1622 5190 cumprecatur,
1664 5124 1743 5177 vei
1778 5127 1939 5177 etiam
1975 5127 2026 5179 in

453 5214 559 5266 alia
594 5214 843 5278 ecclesia,
873 5213 1047 5283 poenis
1078 5214 1354 5267 canonicis
1379 5213 1648 5268 obnoxius
1676 5218 1796 5270 erit.
1832 5216 2032 5282 Quem-

454 5306 743 5360 admodum
779 5316 832 5359 et
866 5307 954 5373 qui
990 5321 1111 5359 cum
1136 5307 1613 5361 excmnmunit‘ato
1641 5313 1930 5362 communh
1952 5320 2029 5376 at,

407 5393 417 5408 ⁸
454 5400 559 5452 erit
588 5400 1111 5454 excommunicatus.

2146 5049 2332 5100 μενον,
2370 5032 2467 5083 καὶ
2502 5032 2896 5102 συνευχόμενον
2923 5036 3037 5096 τοῖς
3079 5038 3291 5099 πιστοῖς
3332 5035 3729 5104 παραδεξάμε-

2143 5142 2251 5186 νος,
2286 5125 2382 5176 καὶ
2426 5123 2547 5175 κατ’
2575 5124 2757 5188 οἴκους
2788 5124 2938 5193 αὐτῷ
2962 5124 3382 5193 συνευξάμενος,
3424 5125 3454 5195 ἦ
3508 5128 3603 5179 καὶ
3665 5130 3730 5181 ἐν

2142 5218 2304 5289 ἑτέρα
2331 5217 2620 5287 ἐκκλησία,
2649 5221 2762 5282 τοῖς
2795 5218 3016 5270 κανόσιν
3048 5217 3346 5280 ὑπεύθυνος
3390 5217 3572 5270 ἔσται’
3623 5236 3727 5272 και

2143 5312 2321 5380 θαπερ
2365 5312 2428 5382 δὴ
2461 5314 2556 5365 καὶ
2608 5314 2635 5365 ὁ
2682 5313 3031 5383 ἀκοινωνήτῳ
3059 5312 3333 5365 κοινωνῶν
3362 5312 3516 5364 ἔσται
3566 5312 3729 5365 ἀκοι-

2145 5421 2406 5456 νωντπτος.

1689 5562 1874 5629 Guill.
1902 5566 2222 5645 Bcvercgii
2256 5581 2440 5629 nutte.

531 5713 642 5780 (4⁸5)
672 5713 778 5766 Καὶ
805 5709 936 5765 οἷον
958 5711 1056 5766 διὰ
1089 5712 1683 5784 ταπεινοφροσύνην.
1719 5712 2031 5784 chcndum

459 5798 526 5835 cu
556 5805 581 5832 tl
620 5784 807 5836 codice
840 5784 1283 5837 Anterbacltiatto
1313 5824 1327 5845 ,
1363 5787 1457 5834 καὶ
1512 5783 1572 5833 τὸ
1626 5783 1900 5837 ἐκκλίνειν
1933 5789 2035 5850 τὴν

461 5856 746 5907 κοινωνίαν
793 5851 905 5906 οἷον
962 5853 1047 5905 δια
1095 5852 1639 5923 ταπεινοφροσύνην,
1682 5855 1742 5906 Ε(
1796 5858 2031 5908 declina-

2148 5719 2337 5771 timent
2378 5735 2407 5771 η
2450 5720 2832 5784 communione,
2888 5719 3025 5770 velut
3083 5715 3145 5769 ab
3179 5716 3345 5770 animi
3404 5715 3731 5771 demissione

2140 5792 2429 5855 pra/etlam
2442 5832 2453 5844 .
