4076 6388
327 322 466 389 1285

928 434 1205 494 ΚΑΝΩΝ..
1229 436 1304 496 l".

329 545 349 579 ι
392 525 459 580 Et
477 541 563 589 τις
624 523 1000 598 πρεσϐύτερος
1048 526 1082 597 ἢ
1112 526 1380 593 διάκονος,
1413 526 1447 599 ἢ
1480 526 1618 591 ὅλως
1665 526 1775 579 τῶν
1808 522 1901 579 τοῦ

391 636 411 669 ι
456 617 722 688 ίερατείου
745 634 851 682 τις,
886 617 1204 673 καταλιπὼν
1224 619 1326 690 τὴν
1357 619 1555 673 ἐαυτοῦ
1583 610 1901 689 παροικίαν,

405 730 423 762 ι
463 712 539 773 είς
576 710 770 780 ἑτέραν
831 710 1063 783 ἀπέλθῃ,
1094 711 1287 765 ἔπειτα
1317 712 1598 775 παντελῶς
1627 711 1902 781 μεταστὰς

405 820 422 851 ι
468 800 765 871 διατρίὸειν
786 800 842 853 ἐν
869 802 1008 875 ἄλλῃ
1037 804 1296 876 παροικίᾳ
1325 806 1589 876 πειρᾶται
1608 804 1701 856 ἐπὶ
1722 801 1903 872 πολλῷ

404 913 421 945 ι
463 896 662 964 χρόνῳ,
694 896 890 965 μηκέτι
914 896 1272 967 λειτουργεῖν,
1305 897 1353 949 εί
1386 895 1625 966 μάλιστα
1646 894 1902 949 καλοῦντι

406 1004 423 1035 ι
460 987 537 1051 τῷ
573 988 859 1056 ἐπισκόπῳ
888 986 965 1056 τῷ
999 986 1115 1056 ίδίῳ
1163 986 1483 1040 ἐπανελθεῖν
1528 987 1609 1049 είς
1630 986 1729 1056 τὴν
1756 1002 1905 1056 παρ-

408 1096 426 1127 ί
464 1078 646 1131 οικίαν
694 1082 792 1149 τὴν
854 1079 1048 1133 ἑαυτοῦ
1113 1080 1209 1135 καὶ
1255 1078 1611 1150 παραινοῦντι
1670 1078 1746 1149 μὴ
1802 1078 1907 1131 ὑπ-

402 1186 420 1218 (
457 1170 669 1227 ακούει.
712 1170 773 1223 Εἰ
801 1171 856 1223 δέ
883 1173 975 1225 καὶ
995 1173 1245 1240 ἐπιμένοι
1274 1173 1339 1242 τῇ
1372 1171 1589 1238 ἀταξία,
1626 1169 1906 1235 παντελῶς

408 1278 426 1310 ί
473 1263 635 1315 αὑτὶν
690 1263 1074 1333 καθαιρεῖσθαι
1108 1264 1209 1333 τῆς
1240 1262 1607 1334 λειτουργίας,
1658 1262 1734 1326 ὡς
1801 1280 1906 1333 μη-

400 1373 417 1404 ι
462 1356 577 1407 κέτι
604 1354 790 1424 χώραν
824 1356 967 1425 ἔχειν
997 1354 1521 1418 ἀποκαταστάσεως.
1560 1355 1621 1407 Ei
1668 1354 1735 1407 ’δὲ
1769 1354 1903 1409 καθ-

411 1462 430 1496 (
466 1444 752 1513 αιρεθέντα
779 1446 866 1500 διὰ
888 1446 1095 1517 ταύτην
1120 1446 1220 1515 τὴν
1268 1446 1450 1501 αἰτίαν
1477 1446 1684 1517 δέχοιτο
1714 1446 1899 1518 ἔτερος

403 1557 422 1590 ι
459 1539 784 1605 ἐπίσκοπος,
817 1540 1070 1591 κάκεῖνον
1097 1518 1403 1606 ⁹ἐπιτιμίας
1459 1537 1750 1608 τυγχάνειν
1801 1538 1906 1590 ὑπὸ

403 1650 422 1682 ι
459 1631 645 1702 κοινῆς
700 1632 944 1695 συνόδου,
996 1631 1070 1695 ὡς
1107 1630 1459 1703 παραλύοντα
1488 1633 1613 1694 τοὺς
1669 1630 1907 1699 θεσμοὺς

412 1740 430 1773 ι
468 1724 593 1786 τοὺς
625 1724 1132 1793 ὲκκλησιαστικούς.
1172 1744 1192 1777 ι

404 1816 599 1869 ΒΛΛΣ.
645 1818 784 1887 Περὶ
820 1817 929 1872 τῶν
970 1818 1508 1886 καταλιμπανόντων
1538 1817 1640 1882 τὰς
1692 1816 1905 1880 οἰκείας

335 1910 635 1977 παροικίας
675 1912 768 1962 καὶ
794 1911 876 1973 είς
912 1910 1105 1981 ἐτέρας
1139 1912 1541 1981 ἀπερχομένων
1600 1911 1756 1980 ζήτει
1795 1909 1907 1963 τῶν

337 2003 512 2070 ἁγίων
543 2002 862 2057 ἀποστόλων
893 2005 1099 2057 κανόνα
1132 2009 1195 2057 ιε’
1232 2007 1330 2074 τῆς
1377 2000 1427 2057 α’
1462 2003 1683 2057 συνόδου
1704 2002 1908 2057 κανόνα

346 2103 421 2157 ις’
454 2093 549 2146 καὶ
600 2094 700 2163 τῆς
730 2093 771 2146 δ’
819 2094 1025 2148 κανόνα
1061 2100 1127 2158 ε’,
1196 2094 1295 2149 καὶ
1356 2094 1533 2168 μάθῃς
1574 2096 1639 2148 ὲκ
1687 2096 1796 2149 τῶν
1852 2096 1910 2147 ἐν

338 2183 549 2246 τούτοις
579 2181 903 2254 γραφέντων
936 2185 1030 2238 καὶ
1061 2185 1129 2240 τά
1166 2183 1242 2256 τῷ
1282 2184 1512 2255 παρόντι
1558 2185 1746 2239 κανόνι
1778 2185 1909 2239 διω-

341 2276 600 2347 ρισμένα.

808 2368 1016 2438 Ἑτέρα
1048 2370 1331 2441 ἑρμηνεία
1360 2371 1509 2440 K44).

422 2485 665 2556 Ἐπειδὴ,
709 2484 873 2539 τινῶν
898 2485 1312 2556 πρεσϐυτέρων,
1354 2486 1620 2540 διακόνων
1644 2486 1739 2539 καὶ
1777 2486 1913 2540 ὁπο-

336 2577 603 2629 διακόνων
633 2576 1004 2640 οίκειοθελῶν,
1050 2577 1150 2629 οὐκ
1186 2576 1245 2641 ἐξ
1284 2576 1588 2646 ἐπιτιμίου,
1619 2577 1710 2629 ἐπὶ
1744 2576 1913 2628 πολὺν

338 2670 527 2740 χρόνον
559 2670 635 2740 μὴ
694 2669 1197 2741 ἱερουργησάντων,
1244 2671 1410 2723 πάλιν
1460 2671 1516 2723 δὲ
1573 2669 1915 2742 βουλομένων

338 2763 671 2835 ἱερουργεῖν,
723 2765 817 2818 καὶ
889 2764 1281 2835 κωλυομένων,
1340 2764 1683 2837 συνεζητήθη
1746 2766 1915 2827 πόσος

334 2856 664 2925 νοηθήσεται
725 2858 915 2927 χρόνος
947 2860 971 2911 ὁ
1015 2856 1114 2929 τὴν
1145 2855 1467 2928 ἱερουργίαν
1504 2857 1915 2928 ἀφαιρούμενος

339 2948 449 3001 ἀπὸ
502 2948 595 3000 τοῦ
639 2950 714 3017 μὴ
768 2950 1169 3018 ἐνεργήσαντος
1195 2948 1508 3017 ταύτηνδι’
1540 2948 1662 3000 ὅλου
1711 2948 1910 3001 αὐτοῦ’

343 3041 505 3109 Λέγω
540 3042 621 3092 ὅτι
690 3040 860 3102 πολὺς
907 3042 1100 3110 χρόνος
1128 3040 1235 3092 ἀπὸ
1263 3039 1359 3092 τοῦ
1401 3040 1570 3104 νόμου
1608 3041 1641 3109 ἡ
1707 3041 1916 3109 τριετία

1384 326 1467 387 ΙΝ
1506 324 1673 387 CAN.
1708 324 1801 386 III
1836 322 2049 386 CONC.
2088 325 2150 386 ΙΙ
2176 326 2539 389 ANTIOCII.

3451 329 3592 395 19:86

2627 438 2859 497 CANON
2900 439 2993 497 lil.

2012 546 2030 580 ι
2076 527 2133 584 Si
2163 531 2282 599 quis
2318 532 2622 603 presbyter,
2658 533 2741 587 vel
2776 534 3060 599 diaconus,
3093 531 3177 586 rel
3212 532 3332 601 quis
3365 532 3588 589 omnino

2082 640 2103 675 ι
2142 637 2208 677 ex
2246 624 2569 679 sacerdotali
2606 625 2797 680 ordine
2822 665 2838 691 ,
2875 625 3064 681 relicta
3109 640 3205 681 sua
3241 626 3500 695 parmcia,
3536 626 3590 681 in

2086 734 2105 768 ι
2146 716 2309 771 aliam
2342 718 2574 784 abierit;
2615 719 2811 775 deinde
2847 718 3071 774 omnino
3114 718 3508 788 commigrans,
3533 721 3588 774 lu

2084 827 2104 861 ι
2142 809 2245 863 alia
2280 811 2516 879 parmcia
2546 810 2707 879 longo
2736 817 2981 879 tempore
3010 808 3212 865 versari
3242 818 3493 876 conatur,
3518 824 3587 864 ne

2084 919 2102 954 ι
2142 900 2370 969 amplius
2418 902 2702 969 celebret;
2746 903 2981 955 maxime
3022 902 3066 956 si
3109 902 3334 972 praprio
3374 900 3594 955 vocanti

2083 1008 2102 1042 ι
2145 992 2422 1061 episcopo,
2456 1001 2511 1045 ut
2543 992 2595 1045 iu
2629 1007 2785 1047 suam
2824 993 3114 1062 parteciam
3150 996 3353 1058 redeat,
3384 992 3589 1047 exhor-

2087 1101 2105 1134 ι
2144 1085 2411 1152 tantique,
2462 1100 2566 1137 non
2616 1091 2821 1151 pareat.
2876 1084 2930 1137 Si
2976 1094 3154 1137 autem
3200 1084 3253 1138 in
3291 1083 3583 1140 insolentia

2086 1192 2105 1226 ι
2143 1187 2475 1244 perseverat,
2509 1177 2553 1231 is
2596 1174 2756 1246 433
2786 1175 3005 1230 omnino
3040 1192 3066 1227 a
3099 1190 3255 1229 sacro
3290 1176 3592 1229 ministerio

2086 1287 2105 1320 ι
2143 1268 2467 1338 deponatur,
2503 1280 2562 1323 ut
2602 1284 2702 1324 nec
2736 1269 2968 1337 amplius
3002 1269 3262 1323 redeundi
3295 1268 3468 1323 locum
3505 1269 3591 1322 iu-

2084 1378 2104 1413 r
2146 1361 2343 1416 veniat.
2370 1360 2425 1416 Si
2457 1372 2636 1417 autem
2666 1378 2813 1428 eum,
2839 1362 2932 1427 qui
2960 1370 3179 1431 propter
3207 1361 3346 1415 hanc
3370 1377 3589 1415 causam

2036 1442 2039 1443 ⁷
2087 1472 2106 1506 ι
2148 1454 2425 1522 depositus
2473 1463 2578 1519 est,
2635 1454 2773 1510 alius
2824 1454 3113 1523 episcopus
3155 1453 3464 1520 receperit;
3505 1453 3594 1507 ille

2091 1561 2110 1593 ι
2146 1558 2361 1614 quoque
2408 1559 2436 1598 a
2487 1545 2763 1598 cenimuni
2819 1544 3030 1615 synodo
3068 1544 3346 1612 puniatur,
3396 1551 3453 1596 ut
3498 1543 3593 1612 qui

2084 1652 2106 1685 ι
2148 1634 2283 1690 ritus
2328 1636 2733 1691 ecclesiasticos
2765 1636 3046 1691 dissolvat.
3082 1654 3101 1687 ι

2087 1812 2289 1870 BALS.
2342 1816 2415 1870 De
2459 1816 2546 1879 iis,
2579 1816 2669 1885 qui
2711 1831 2838 1870 suas
2868 1817 3135 1886 parcecias
3177 1816 3509 1885 relinquunt,
3541 1825 3596 1868 et

2019 1910 2072 1961 in
2104 1908 2241 1962 alias
2277 1909 2562 1973 recedunt,
2594 1924 2777 1976 quer
2822 1924 3086 1963 canoncm
3124 1919 3435 1963 sanctorum
3468 1924 3596 1978 apo-

2018 2003 2279 2056 stolorum
2316 2002 2404 2066 15,
2452 2003 2635 2071 primae
2667 2000 2857 2071 synodi
2893 2015 3154 2055 canouem
3192 2001 3258 2055 16
3301 2011 3354 2055 et
3389 2012 3593 2069 quarta:

2019 2109 2286 2153 canonem
2318 2095 2373 2159 5,
2405 2106 2457 2148 et
2488 2096 2666 2150 disces
2701 2110 2766 2148 ex
2799 2094 2866 2147 iis
2893 2109 3013 2164 quae
3044 2094 3155 2148 illic
3198 2094 3402 2163 scripta
3438 2105 3587 2159 sunt,
3652 2122 3657 2125 ι

2017 2188 2184 2242 etiam
2211 2202 2272 2242 ea
2302 2204 2421 2257 quae
2455 2188 2557 2243 hoc
2586 2202 2795 2242 canone
2821 2187 3111 2241 constituta
3139 2184 3310 2242 fuere.

2500 2372 2682 2426 Altera
2717 2373 3106 2443 interpretatio.

2094 2489 2365 2557 Quoniam
2410 2491 2660 2546 nonnulli
2702 2491 3031 2559 presbyteri,
3073 2489 3285 2567 diaconi
3326 2498 3381 2543 et
3422 2490 3597 2560 hypo-

2022 2581 2255 2647 diaconi,
2288 2583 2378 2652 qui
2421 2599 2517 2636 sua
2554 2594 2746 2651 sponte
2769 2624 2782 2647 ,
2818 2593 2871 2636 et
2904 2598 3008 2635 nou
3037 2583 3106 2636 ob
3138 2596 3350 2647 pmuam
3391 2581 3456 2634 iis
3492 2581 3600 2633 im-

2024 2675 2280 2742 positam,
2319 2690 2472 2728 sacra
2524 2673 2837 2742 aliquandiu
2890 2688 2995 2726 non
3044 2672 3360 2737 celebrant,
3410 2685 3601 2727 rursus

2024 2780 2178 2818 sat-ra
2226 2780 2488 2835 peragere
2529 2763 2771 2819 volentes
2822 2764 3075 2832 prohibiti
3126 2771 3282 2829 sunt;
3310 2764 3599 2832 qumsitum

2025 2868 2109 2911 est
2142 2870 2405 2925 quantum
2455 2857 2525 2910 sit
2575 2865 2812 2925 tempus,
2853 2857 2997 2924 quod
3036 2870 3315 2909 sacrorum
3359 2855 3598 2909 celebra-

2027 2950 2225 3003 tionem
2273 2949 2320 3001 ei
2371 2948 2583 3010 adimit,
2614 2949 2706 3016 qui
2751 2963 2871 3001 eam
2910 2964 3015 3002 non
3076 2950 3299 3001 omnino
3335 2949 3598 3001 exercuit.

2030 3043 2156 3097 Dico
2181 3041 2326 3111 quod
2374 3039 2599 3093 multum
2649 3049 2858 3107 tempus
2889 3054 2953 3092 ex
2997 3039 3117 3110 lege
3165 3049 3247 3092 est
3284 3039 3598 3093 triennium.

338 3134 513 3184 ἐστίν.
547 3132 608 3184 El
639 3130 772 3198 γοῦν
804 3132 1103 3200 ἱερωμένος
1134 3148 1216 3193 τις
1267 3130 1337 3183 δι’
1375 3129 1507 3199 ὅλης
1542 3132 1782 3203 τριετίας
1820 3132 1917 3186 οὐκ

2026 3136 2081 3191 Si
2116 3150 2246 3203 ergo
2282 3130 2543 3186 sacerdos
2576 3131 2847 3199 quispiam
2888 3140 3002 3185 toto
3036 3132 3273 3185 triennio
3323 3147 3426 3185 non
3462 3134 3600 3186 cele-

339 3223 649 3293 ἐνεργήσει,
682 3222 821 3291 μήτε
848 3222 957 3274 ἀπὸ
987 3222 1168 3288 νόσου,
1203 3221 1340 3293 μήτε
1380 3221 1483 3274 ὑπὸ
1512 3222 1917 3292 αἰχμαλωσίας,

343 3316 378 3386 ἢ
411 3317 581 3385 ἄλλης
641 3316 897 3385 τοιαύτης
933 3314 1276 3385 κωλυόμενος
1302 3314 1510 3380 αἰτίας,
1570 3316 1757 3371 οὐκέτι
1808 3317 1920 3371 λει-

342 3407 650 3476 τουργῆσαι
707 3406 1286 3477 παραχωρηθήσεται·
1348 3409 1398 3461 εί
1462 3408 1572 3478 γὰρ
1632 3408 1773 3464 κατὰ
1829 3410 1920 3477 τὸν

346 3497 590 3567 παρόντα
623 3498 825 3550 κανόνα
854 3497 1202 3567 καθαιρεῖται
1230 3500 1261 3552 ὁ
1286 3502 1365 3563 είς
1396 3500 1592 3571 ἑτέραν
1624 3503 1919 3573 παροικίαν

340 3590 637 3661 διατρίϐων
673 3589 767 3642 ἐπὶ
799 3589 971 3642 πολὺν
1005 3590 1219 3662 χρόνον,
1267 3591 1437 3663 ⁴Ιὶγουν
1468 3592 1738 3663 τριετίαν,
1791 3596 1920 3660 ἴσως

340 3682 400 3736 δὲ
460 3684 553 3735 καὶ
586 3681 829 3752 ἐνεργῶν
878 3684 1086 3735 ἐκεῖσε·
1143 3683 1326 3753 πολλῴ
1363 3684 1526 3737 πλέον
1566 3685 1627 3737 οὐ
1658 3701 1920 3755 παραχω-

346 3775 649 3847 ρηθήσεται
682 3775 1040 3845 ἱερουργῆσαι
1073 3774 1100 3826 ὁ
1127 3775 1227 3845 τὴν
1259 3774 1469 3827 οἰκείαν
1506 3775 1789 3829 διακονίαν
1826 3778 1920 3831 ἐπὶ

339 3870 588 3940 τριετίαν
650 3868 1026 3936 ἀποστραφεὶς
1083 3867 1115 3936 ἢ
1165 3866 1260 3920 καὶ
1322 3868 1673 3938 ἀναξιότητος
1724 3869 1919 3923 ἐαυτὸν

343 3960 902 4029 καταψηφισάμενος.
938 3958 1190 4012 Συνιστῶ
1218 3958 1275 4011 δέ
1319 3958 1512 4012 τοῦτον
1555 3961 1651 4015 καὶ
1689 3963 1797 4015 ἀπὸ
1826 3962 1919 4017 τοῦ

343 4054 638 4122 γεγονότος
670 4048 1066 4121 σημειώματος
1093 4051 1235 4103 κατὰ
1258 4048 1351 4104 τὸν
1377 4051 1625 4123 Μάρτιον
1654 4053 1804 4124 μῆνα
1824 4056 1922 4126 τῆς

340 4142 394 4215 γ’
422 4147 611 4197 ίνόικτ.
653 4144 743 4196 ἐπὶ
766 4145 862 4214 τῆς
894 4143 1267 4214 πατριαρχίας
1297 4144 1390 4197 τοῦ
1425 4144 1596 4215 κυροῦ
1621 4146 1920 4216 Νικολάου,

341 4236 603 4301 λέγοντος
638 4235 697 4287 ἐν
753 4234 913 4304 μέρει
948 4233 1130 4304 ῥητῶς
1166 4231 1344 4287 ταῦτα
1384 4234 1524 4306 πλὴν
1561 4237 1757 4301 κοινῶς
1787 4237 1919 4309 ὥρι-

342 4345 473 4383 σται
511 4328 662 4398 παρὰ
692 4326 911 4377 πάντων
938 4325 1045 4378 τῶν
1080 4326 1139 4377 ὲν
1183 4324 1389 4387 πάσαις
1445 4330 1566 4391 ταῖς
1625 4328 1922 4400 ἑϐδομάσιν

343 4420 817 4491 ὑπηρετουμένων
846 4418 1037 4489 ἱερέων
1089 4435 1148 4471 τε
1176 4421 1268 4471 καὶ
1316 4419 1579 4474 διακόνων
1628 4424 1760 4492 περὶ
1821 4426 1921 4494 μὲν

2020 3227 2164 3293 brat,
2196 3241 2303 3279 non
2336 3224 2545 3289 morbo,
2581 3237 2681 3276 nec
2706 3222 3042 3290 captivitate,
3076 3237 3176 3275 nec
3207 3221 3307 3274 alia
3331 3221 3599 3291 ejusmodi

2018 3335 2182 3375 causa
2207 3316 2502 3386 impeditus
2530 3332 2545 3381 ;
2578 3329 2685 3368 non
2723 3313 2955 3383 amplius
2985 3313 3264 3369 celebrare
3290 3316 3514 3368 sinctur.
3544 3313 3602 3366 Si

2020 3412 2185 3477 enim,
2238 3419 2295 3461 ut
2346 3406 2456 3459 vult
2506 3406 2595 3459 hie
2644 3419 2882 3472 praesens
2938 3418 3135 3469 eauon,
3167 3403 3468 3473 deponitur,
3511 3403 3601 3471 qui

2022 3502 2180 3573 longo
2228 3511 2489 3568 tempore,
2525 3496 2761 3549 triennio
2805 3494 3036 3560 scilicet,
3074 3495 3127 3548 iu
3153 3496 3326 3548 aliena
3362 3495 3602 3563 partecia

2020 3606 2293 3658 versatur,
2335 3593 2462 3645 licet
2493 3590 2655 3643 etiam
2690 3587 2935 3642 fortassis
2983 3587 3093 3641 illic
3138 3587 3398 3650 celebret,
3432 3589 3602 3639 multo

2022 3685 2194 3755 magis
2225 3683 2316 3752 qui
2355 3695 2512 3736 suum
2550 3679 2909 3734 ministerium
2938 3692 3032 3745 per
3063 3678 3354 3731 triennium
3387 3686 3599 3731 averte-

2024 3780 2117 3844 rit,
2149 3775 2229 3830 νει
2274 3790 2336 3829 se
2365 3772 2531 3827 etiam
2584 3770 2923 3841 indignitatis
2953 3770 3421 3834 condemuaverit,
3461 3771 3604 3825 cele-

2024 3870 2182 3924 brare
2226 3884 2331 3924 non
2372 3867 2604 3922 sinetur.
2634 3865 2751 3920 Hoc
2797 3874 2977 3919 autem
3011 3864 3183 3933 probo
3223 3872 3278 3918 et
3313 3878 3378 3916 ex
3420 3865 3599 3920 edicto

2023 3962 2166 4017 facto
2203 3975 2387 4015 mense
2414 3957 2609 4012 Martio
2639 3958 2833 4012 indiet.
2864 3957 2918 4022 5,
2948 3964 3189 4026 tempore
3221 3956 3394 4012 sancti
3428 3957 3601 4026 patri-

2023 4053 2203 4110 archa:
2260 4051 2465 4106 domini
2502 4049 2731 4114 Nicolai,
2763 4051 2904 4119 quod
2928 4050 3007 4104 sic
3034 4050 3257 4118 praecise
3282 4050 3457 4117 dicit;
3505 4049 3601 4106 sc-d

2023 4145 2386 4203 communiter
2415 4144 2691 4198 deﬁnitum
2732 4152 2813 4197 est
2836 4143 2902 4196 de
2924 4140 3183 4197 onmibus
3207 4143 3300 4210 qui
3333 4142 3388 4195 in
3419 4143 3599 4196 omni-

2024 4240 2126 4296 bus
2154 4236 2476 4308 septimanis
2501 4236 2837 4298 deserviunt,
2859 4234 3234 4291 sacerdOtibus
3256 4246 3305 4290 et
3335 4234 3597 4301 diacouis,

2024 4328 2092 4381 de
2161 4327 2227 4379 iis
2287 4324 2503 4393 quidem
2577 4323 2669 4394 qui
2737 4332 2866 4377 sunt
2933 4324 2986 4377 in
3057 4324 3271 4393 gradu,
3335 4324 3478 4392 quod
3544 4331 3600 4380 et

2025 4420 2153 4474 olim
2187 4418 2239 4472 dt
2258 4417 2465 4472 ﬁnitum
2496 4414 2618 4470 fuit.
2656 4416 2729 4470 De
2770 4414 3055 4484 superﬂuis
3084 4425 3289 4480 autem,
3319 4431 3466 4481 eum,
3503 4418 3596 4488 qui

342 4517 455 4569 τῶν
480 4516 537 4565 ἐν
578 4514 771 4583 βαθμῷ
802 4512 829 4564 ὃ
870 4513 964 4565 καὶ
998 4511 1165 4568 πάλαι
1205 4512 1510 4583 διώρισταιο
1555 4519 1681 4587 περὶ
1729 4515 1785 4569 δὲ
1814 4520 1917 4572 τῶν

2026 4530 2054 4566 a
2083 4525 2274 4578 magna
2302 4510 2431 4563 urbe
2456 4522 2680 4579 peregre
2704 4505 3044 4573 profecturus
3072 4518 3176 4571 est,
3202 4508 3435 4576 aliquam
3467 4524 3598 4562 cau-

342 4606 648 4676 περισσῶν,
683 4603 774 4657 τὸν
809 4603 1075 4675 μέλλοντα
1117 4606 1215 4669 τῆς
1244 4605 1450 4669 πόλεως
1474 4607 1737 4677 ἐκδημεῖν
1778 4610 1922 4664 κατά

338 4714 470 4751 τινα
503 4694 696 4766 χρείαν
728 4696 1137 4763 συνταξάμενον
1177 4695 1256 4764 τῷ
1288 4696 1658 4769 άρχιδιακόνῳ
1690 4700 1784 4751 καὶ
1807 4702 1919 4763 τοῖς

339 4789 725 4858 πρωτεύουσιν
760 4788 817 4838 ἐν
859 4792 922 4855 τῇ
961 4787 1223 4855 έόδομάδι
1257 4788 1356 4857 τὴν
1404 4788 1717 4857 ἀποδημίαν
1764 4790 1919 4843 στέλ·

341 4881 557 4946 λεσθαι,
613 4879 699 4948 ἐφ’
756 4878 816 4942 ἒξ
887 4878 987 4948 μὲν
1056 4878 1409 4945 μῆναςοοιὶδέ
1473 4879 1740 4950 σούπερον
1804 4882 1919 4934 ἀντ’

343 4972 515 5029 αὑτοῦ
577 4971 898 5035 ἐνιστῶντα,
960 4970 1101 5040 μετὰ
1158 4969 1215 5021 δὲ
1264 4970 1477 5031 τούτοις
1528 4973 1630 5034 ἕως
1688 4972 1921 5043 πέρατος

340 5066 587 5135 τριετίας
620 5065 807 5133 ἕτερον
837 5064 953 5115 ἀντ’
975 5061 1140 5113 αὑτοῦ
1169 5065 1235 5133 τῇ
1280 5062 1496 5133 δουλείᾳ
1528 5065 1921 5131 ὑποϐάλλοντα,

346 5158 492 5224 ἰναη
532 5157 688 5226 παρὰ
722 5157 821 5225 τὴν
856 5155 1164 5224 ἐκκλησίαν
1219 5155 1466 5208 διακονία
1502 5156 1649 5226 αὐτῷ
1680 5158 1922 5228 άνάπλη-

344 5249 539 5321 ροῦται
569 5248 656 5301 διὰ
686 5246 781 5299 τοῦ
804 5248 1134 5317 ἁντισήκου.
1175 5243 1307 5298 Εἶτα
1336 5249 1381 5298 εἰ
1418 5250 1492 5317 μὴ
1524 5248 1591 5301 δι’
1621 5248 1919 5318 ὃληςτριε-

340 5342 464 5402 τίας
502 5339 796 5412 ἐπανέλθῃ,
840 5337 1144 5410 πςὶρρῳτοῦ
1176 5339 1562 5402 καθίστασθαι,
1598 5339 1921 5392 καὶέκπτώ-

2025 4618 2139 4658 sam
2171 4600 2539 4656 necessariam
2576 4600 2972 4665 signiﬁcantem
3002 4599 3413 4663 archidiacono,
3444 4608 3503 4653 et
3533 4600 3599 4654 iis

2023 4697 2113 4767 qui
2148 4696 2200 4748 in
2232 4694 2565 4749 hebdomade
2596 4693 2797 4761 primas
2828 4701 3039 4763 gerunt,
3070 4708 3293 4762 peregre
3328 4691 3599 4759 proﬁcisci

2027 4790 2093 4842 ad
2135 4803 2230 4841 sex
2278 4799 2528 4851 menses;
2576 4799 2674 4838 nec
2726 4784 2887 4836 alium
2936 4800 3187 4857 superum
3222 4784 3435 4851 quidem
3482 4783 3601 4839 loco

2029 4896 2126 4934 suo
2181 4880 2587 4939 subsistentem,
2643 4890 2825 4945 pcswa
2881 4884 3057 4929 autem
3112 4877 3178 4929 ad
3226 4876 3383 4930 ﬁnem
3433 4890 3602 4946 usque

2033 4973 2269 5036 triennii,
2324 4971 2550 5025 alterum
2603 4984 2701 5038 pro
2750 4984 2807 5023 se
2850 4969 3071 5021 servitio
3103 4967 3501 5037 subjicientem,
3544 4980 3602 5023 ut

2024 5066 2267 5119 ecclesia
2297 5063 2649 5116 ministerium
2673 5060 2721 5114 ei
2756 5060 3073 5129 suppleatur
3100 5076 3194 5129 per
3218 5061 3600 5114 substitutum.

2028 5159 2229 5211 Deinde
2262 5158 2303 5209 si
2352 5162 2471 5223 post
2519 5154 2789 5220 integrum
2852 5151 3142 5204 triennium
3192 5165 3296 5204 non
3349 5149 3599 5210 redierit,

2024 5250 2207 5320 procul
2240 5247 2622 5310 constituatur,
2660 5254 2713 5298 ct
2744 5244 2811 5297 ab
2842 5242 3173 5298 helnlomade
3201 5242 3422 5295 omnino
3453 5240 3603 5295 exci-

2025 5346 2137 5409 dat,
2177 5340 2306 5395 nihil
2344 5356 2464 5395 cutn
2496 5339 2721 5409 juvaute
2754 5337 3027 5392 substituti
3059 5336 3281 5390 datione
3318 5335 3402 5388 vel
3441 5333 3606 5389 resti-

1573 5486 1764 5547 Guill.
1804 5486 2135 5562 Beveregii
2172 5495 2359 5547 notae.

425 5611 535 5682 (lii)
587 5608 793 5677 'Etéla
847 5609 1147 5677 ἑρμηνεία.
1192 5608 1339 5661 lianc
1384 5608 1612 5682 alteram
1646 5607 1924 5682 llalsamo-

344 5677 443 5738 nis
476 5677 988 5749 iuterptotationem
1042 5690 1379 5749 ιιιςηιιιωιιυ
1434 5677 1729 5731 Bodleiano
1766 5681 1925 5734 delic-

345 5770 494 5810 tuus.
544 5747 743 5806 Verum
800 5750 1103 5804 Gratianus
1162 5747 1431 5804 Henetus
1490 5766 1609 5803 cum
1658 5758 1920 5816 tanquam

2034 5610 2387 5679 appendicem
2438 5612 2502 5662 ad
2569 5608 2805 5677 priorem
2864 5605 3369 5679 interpretationem
3413 5618 3479 5659 ex
3507 5617 3605 5679 co-

2035 5677 2154 5733 dice
2196 5680 2414 5733 Titiano
2452 5679 2646 5731 Latine
2700 5679 2904 5732 vertit:
2962 5678 3059 5732 scd
3095 5681 3147 5730 in
3203 5691 3307 5732 lllS.
3338 5677 3603 5731 Amcrba-

2034 5753 2232 5807 chiano
2274 5761 2385 5806 tota
2420 5750 2780 5805 desideratur.
