4076 6390
320 378 460 445 Ῑέοθ

394 604 416 640 ι
456 584 683 649 σκόπου,
718 582 1043 652 τολμήσειέν
1067 597 1123 633 τι
1166 578 1369 649 πρᾶξαι
1404 578 1503 648 τῆς
1531 574 1901 646 λειτουργίας,

394 700 412 733 ι
459 680 571 732 εἴτε
611 681 639 732 ό
669 676 971 738 ἐπίσκοπος
1025 674 1169 728 κατὰ
1218 672 1318 743 τὴν
1356 671 1712 742 προάγουσαν
1787 685 1912 721 συν-

394 788 413 822 ι
460 769 678 841 ἠθειαν,
747 768 858 820 εἴτε
904 768 933 818 ὁ
996 764 1393 842 πρεσὸύτερος,
1426 764 1535 815 εἴτε
1573 761 1600 812 ὁ
1638 760 1907 821 διάκονος,

400 879 419 913 ι
467 861 665 932 μηκέτι
698 859 816 925 ἐξὸν
852 855 993 912 εἶναι
1043 857 1194 928 αὐτῷ
1236 856 1361 927 μηδ’
1391 856 1449 907 ἐν
1494 853 1659 923 ἑτέρᾳ
1704 850 1910 919 συνόδῳ

407 976 425 1008 ι
466 956 656 1008 ἐλπίδα
684 948 1212 1014 ἀποκαταστάσεως,
1238 949 1375 1019 μήτε
1398 944 1701 1012 ἀπολογίας
1720 941 1908 1013 χώραν

394 1073 411 1106 ι
458 1052 625 1122 ἔχειν.
645 1046 807 1100 ’Λλλὰ
832 1046 928 1100 καὶ
950 1044 1077 1107 τοὺς
1103 1039 1502 1101 κοινωνοῦντας
1536 1037 1684 1108 αὐτῷ
1703 1036 1910 1097 πάντας

394 1165 413 1199 ι
458 1142 862 1208 ἀποϐάλλεσθαι
912 1137 1013 1207 τῆς
1075 1134 1430 1204 Ἐκκλησίας,
1491 1131 1586 1185 καὶ
1651 1126 1937 1200 μάλιστα,

398 1262 417 1293 ι
456 1242 503 1293 εί
542 1236 808 1307 μαθόντες
832 1234 932 1303 τὴν
960 1232 1240 1300 ἀπόφασιν
1273 1230 1373 1298 τὴν
1414 1226 1556 1281 κατὰ
1588 1227 1696 1277 τῶν
1716 1239 1933 1292 προειον

399 1352 417 1385 ι
463 1330 725 1401 ρημένων
765 1324 1166 1396 ἐξενεχθεῖσαν,
1200 1321 1531 1392 τολμήσειαν
1565 1318 1749 1380 αὐτοῖς
1790 1332 1910 1369 κοι-

396 1444 415 1477 ι
455 1424 666 1475 νωνείν.
701 1438 720 1470 ι

308 1502 312 1555 ῗ
392 1516 591 1570 ΒΑΛΣ.
636 1514 697 1565 'O
729 1512 827 1582 μὲν
863 1515 949 1580 κη’
976 1505 1338 1569 ἁποστολικδς
1373 1503 1556 1559 κανὼν
1584 1501 1911 1573 ἀποκηρύσ-

322 1626 401 1661 σει
431 1607 559 1668 τοὺς
593 1601 1025 1673 καθαιρεθέντας
1057 1598 1305 1661 δικαίως,
1327 1596 1425 1650 καὶ
1454 1592 1617 1659 αὖθις
1643 1594 1741 1665 τῆς
1775 1610 1933 1664 προ-η

319 1705 485 1773 τέρας
551 1698 838 1770 ἐνεργείας
882 1694 1251 1764 ἁπτομένους·
1305 1694 1332 1746 ό
1386 1691 1443 1744 δὲ
1478 1689 1671 1760 παρὼν
1725 1686 1911 1741 κανών

319 1812 452 1864 φησι
490 1792 564 1862 μὴ
606 1792 753 1863 ἔχειν
794 1790 994 1851 αὐτοὺς
1026 1787 1219 1840 ἐλπίδα
1249 1781 1807 1851 ἀποκαταστάσεωςῆ
1841 1780 1907 1833 δι’

318 1886 657 1957 ἐπικρίσεως
697 1884 893 1953 ἐτέρας
929 1880 1149 1934 συνόδου
1178 1896 1190 1910 ⁸
1226 1878 1321 1932 καὶ
1356 1878 1483 1939 τοὺς
1514 1873 1909 1936 κοινωνοῦντας

319 1978 533 2040 τούτοις
563 1980 620 2029 ἐν
660 1977 867 2046 εἰδήσει
901 1973 1245 2042 ἀποὸλήτους
1283 1966 1425 2024 εἶναι
1456 1971 1521 2022 ἐκ
1540 1967 1640 2038 τῆς
1675 1965 1911 2031 Ἐκκλη-

319 2072 464 2131 σίας.
494 2069 758 2125 Δοκοῦσιν
792 2066 886 2122 οὖν
909 2068 957 2120 οἱ
997 2069 1222 2129 κανόνες
1259 2065 1335 2135 μὴ
1374 2061 1717 2129 ἐξισοῦσθαι.
1741 2056 1933 2130 Οἶμαι

317 2163 374 2217 δὲ
401 2164 720 2231 συμφωνεῖν
774 2163 831 2214 ἐν
884 2162 1051 2213 πᾶσιν
1116 2157 1335 2220 αὐτούς.
1405 2154 1769 2226 Διορίξονται»
1804 2152 1912 2223 γὰρ

318 2255 460 2309 κατὰ
486 2254 580 2306 δύο
612 2257 813 2315 τόπους
849 2251 1180 2316 κολάζεσθαι
1231 2250 1357 2313 τοὺς
1406 2248 1549 2318 μετὰ
1590 2246 1781 2316 ἐντελῆ
1813 2254 1929 2298 καολΔ

318 2330 549 2417 ταδίκην
580 2346 858 2418 ίερατικόν
902 2362 953 2398 τι
991 2342 1375 2413 ἐνεργοῦντας.
1414 2342 1479 2397 ’0
1514 2342 1613 2412 μὲν
1646 2336 1740 2393 οῦν
1777 2341 1913 2393 ἁπο-

322 2440 567 2503 στολικὸς
597 2437 776 2492 κανών
819 2453 956 2507 φησι
1002 2436 1128 2499 τοὺς
1182 2434 1412 2497 δικαίως
1454 2432 1911 2503 καθαιρεθέντας,

321 2534 489 2602 ἧγουν
524 2531 600 2602 μὴ
644 2531 868 2601 ἔχοντας
907 2528 1163 2599 βοήθειαν
1194 2527 1487 2596 ἐκκλήτου,
1546 2526 1640 2578 καὶ
1685 2525 1915 2595 ἐνεργή-

324 2641 526 2687 σαντας
588 2622 863 2693 ίερατικόν
904 2640 977 2687 τι,
1012 2618 1526 2689 ἀειτοκηρύσσεσθαι⁹
1565 2620 1593 2670 ό
1622 2617 1677 2671 δὲ
1722 2614 1915 2686 παρὼν

324 2717 507 2769 κανὼν
526 2705 855 2785 ’παρομοίως
880 2712 1074 2782 ἐκείνῳ
1104 2711 1323 2783 πρῶτον
1373 2711 1471 2779 μέν
1512 2710 1811 2781 διορίζεται
1838 2708 1913 2780 μὴ

324 2800 729 2879 προσδέχεσθαι
762 2806 895 2876 παρ’
929 2804 1119 2875 ἐτέρας
1169 2802 1395 2857 συνόδου
1435 2804 1563 2866 τοὺς
1594 2802 1700 2855 ὑπὸ
1757 2802 1916 2854 συνό⁹

320 2902 411 2954 δου
459 2901 671 2962 τελείας
707 2899 1160 2966 καθαιρεθέντας,
1195 2897 1297 2965 τῆς
1356 2897 1415 2948 ἐν
1466 2898 1914 2948 Κωνσταντινου-

321 2997 475 3048 πόλει
513 2994 700 3061 τυχὸν,
734 2990 858 3042 καθ’
891 2984 957 3059 ἧς
985 2988 1104 3039 οὐδὲ
1146 2985 1413 3054 ἐκκλητός
1460 2987 1602 3036 ἐστι·
1633 2984 1727 3036 καὶ
1785 2984 1913 3043 τοὺς

323 3090 406 3152 δὶς
449 3085 933 3152 ἐκκαλεσαμένους
965 3080 1063 3131 καὶ
1115 3076 1452 3149 ἡττηθέντας
1507 3076 1605 3129 καὶ
1649 3075 1787 3145 μετὰ
1851 3074 1914 3128 τὸ

1409 372 1491 433 ΙΝ
1534 370 1697 433 CAN.
1741 366 1819 431 IV
1860 366 2072 434 CONC.
2114 371 2177 431 ΙΙ
2215 374 2572 443 ANTIOCH.

396 510 416 545 ι
463 490 498 563 ἢ
532 485 974 561 πρεσϐύτεροςῆ
1014 484 1262 549 διάκονος
1297 484 1405 538 ὑπὸ
1451 483 1548 537 τοῦ
1598 481 1733 536 ἰδίου
1786 481 1908 533 ἐπι·
1938 489 1984 539 Α

3465 370 3599 434 1290

2098 503 2118 535 ‹
2150 485 2413 546 diaconus
2444 506 2474 547 a
2509 491 2730 563 proprio
2763 491 3021 561 episcopo
3059 486 3361 558 depositus,
3396 483 3601 554 aliquid

2032 611 2040 618 -
2092 595 2111 627 ι
2153 577 2220 632 de
2250 580 2555 635 ministerio
2585 594 2749 651 agere
2783 593 2951 633 ausus
2981 577 3190 642 fuerit;
3233 576 3352 630 sive
3389 573 3602 642 episco-

2092 689 2112 721 α
2153 687 2253 741 pus
2312 676 2611 731 secundum
2669 675 3067 744 praecedentem
3121 667 3602 729 consuetudinem,

2088 785 2105 817 ι
2140 768 2255 823 sive
2285 769 2591 839 presbyter,
2637 769 2753 823 sive
2800 769 3083 831 diaconus,
3121 765 3323 820 nullam
3368 760 3617 831 amplius,

2090 877 2109 911 ι
2144 874 2293 929 spem
2331 860 2695 915 restitutionis
2721 860 2774 914 in
2807 860 2910 913 alia
2945 857 3177 929 synodo,
3207 870 3382 924 neque
3413 852 3600 907 delen-

2086 969 2105 1003 ι
2143 952 2314 1006 sionis
2341 952 2518 1006 locum
2547 952 2596 1006 ei
2623 952 2822 1007 habere
2845 951 3027 1005 liceat.
3057 948 3163 1004 Sed
3192 956 3246 1001 et
3268 961 3479 1005 omnes.
3507 942 3600 1013 qui

2092 1060 2110 1092 ι
2147 1042 2198 1096 ei
2252 1044 2694 1111 communicant,
2743 1058 2808 1097 ex
2870 1042 3115 1097 Ecclesia
3180 1040 3491 1112 ejicianlur,
3546 1046 3603 1092 et

2093 1153 2111 1185 ι
2152 1136 2388 1189 maxime
2422 1135 2467 1188 si
2499 1150 2621 1189 cum
2660 1134 2988 1190 sententiam
3023 1134 3284 1187 adversus
3315 1129 3603 1201 prtedictos

2091 1247 2109 1280 ι
2147 1228 2411 1296 prolatam
2442 1229 2756 1296 didicerint,
2788 1228 2868 1283 eis
2894 1225 3300 1283 communicare
3334 1223 3453 1277 ausi
3487 1222 3603 1276 fue-

2091 1339 2108 1370 t
2147 1332 2273 1376 rint.
2317 1338 2336 1371 ι

2084 1506 2283 1563 BALS.
2332 1509 2630 1565 Vicesimus
2657 1511 2875 1580 quidem
2908 1520 3136 1566 oetavus
3168 1523 3343 1564 canon
3389 1515 3605 1575 apostoa

2014 1599 2152 1655 licus
2183 1601 2400 1656 abdicat
2423 1605 2644 1673 eos,qui
2672 1604 2817 1672 juste
2836 1604 3065 1672 depositi
3089 1602 3311 1668 fuerint,
3339 1610 3395 1656 et
3418 1614 3609 1655 rursus

2014 1693 2164 1763 prius
2197 1696 2560 1755 ministerium
2600 1698 2890 1766 attingunt.
2929 1697 3182 1750 Praesens
3216 1701 3397 1748 autem
3431 1708 3606 1746 canon

2016 1788 2147 1842 dicit
2176 1802 2270 1843 eos
2297 1804 2403 1843 non
2429 1788 2629 1843 habere
2651 1803 2802 1857 spem
2828 1787 3192 1844 restitutionis
3223 1786 3304 1839 vel
3333 1801 3436 1855 per
3459 1786 3608 1853 judi-

2013 1884 2155 1937 cium
2191 1882 2420 1937 alterius
2455 1882 2666 1951 synodi,
2697 1890 2749 1935 et
2784 1896 2901 1946 eos,
2934 1880 3025 1949 qui
3057 1880 3165 1936 illis
3196 1880 3432 1935 scientes
3454 1892 3619 1933 comc:

2017 1974 2317 2039 municant,
2350 1990 2417 2029 ex
2454 1973 2697 2028 Ecclesia
2728 1973 2881 2043 ejici.
2909 1974 3173 2031 Videntur
3208 1988 3338 2043 ergo
3369 1986 3615 2026 canones

2022 2082 2129 2121 non
2165 2065 2465 2134 exarquari.
2499 2064 2636 2119 Puto
2677 2078 2858 2119 autem
2904 2081 2997 2121 eos
3027 2066 3081 2120 in
3123 2064 3379 2120 omnibus
3412 2048 3612 2118 conve¥

2017 2161 2156 2214 nire.
2213 2156 2491 2213 Deliniunt
2533 2158 2700 2223 enim,
2747 2169 2806 2212 ut
2850 2157 3067 2212 duobus
3102 2158 3279 2211 modis
3317 2156 3612 2225 puniantur

2020 2254 2078 2317 ii,
2115 2252 2206 2322 qui
2246 2259 2369 2321 post
2405 2250 2702 2321 perlectam
2748 2250 3258 2305 condemnationem
3293 2248 3499 2316 aliquid
3526 2264 3613 2303 sa-

2016 2344 2292 2400 cerdotale
2322 2355 2604 2400 exercent.
2648 2342 2998 2411 Apostolicus
3042 2342 3229 2411 itaque
3265 2355 3439 2394 canon
3478 2339 3614 2392 dicit

2016 2451 2136 2501 eos,
2171 2435 2261 2506 qui
2295 2434 2441 2502 iuste
2471 2435 2699 2504 depositi
2738 2433 2960 2495 fuerint,
2998 2432 3210 2487 scilicet
3241 2431 3331 2501 qui
3368 2445 3473 2484 non
3508 2429 3608 2482 ba-

2018 2532 2148 2584 bcnt
2194 2528 2578 2599 appellationis
2610 2528 2896 2591 auxilium,
2932 2537 2984 2580 et
3017 2526 3222 2595 aliquid
3270 2525 3614 2580 sacerdotale

2018 2633 2296 2688 exercent,
2328 2623 2590 2677 abdicari.
2621 2620 2871 2676 Praesens
2901 2628 3084 2673 autem
3120 2634 3294 2674 canon
3333 2619 3407 2673 illi
3431 2620 3613 2674 consi-

2018 2716 2258 2781 militer,
2312 2716 2551 2785 primum
2598 2713 2816 2784 quidem
2851 2713 3093 2767 decernit
3139 2714 3207 2767 ab
3252 2713 3357 2766 alia
3403 2717 3615 2783 synodo

2020 2824 2125 2863 non
2164 2807 2377 2863 admitti
2416 2823 2528 2873 eos,
2562 2806 2650 2876 qui
2684 2822 2711 2860 a
2750 2806 2993 2877 perfecta
3030 2807 3260 2878 synodo,
3293 2807 3613 2861 Constanti-

2021 2901 2357 2971 n0politana,
2390 2901 2541 2955 verbi
2578 2898 3040 2971 gratia,'depositi
3080 2900 3308 2963 fuerint,
3348 2900 3615 2953 adversus

2018 3012 2180 3066 quant
2234 3010 2343 3048 non
2391 3006 2475 3048 cst
2521 2994 2856 3064 appellatio;
2902 3009 3003 3049 nec
3034 3008 3129 3049 eos
3168 2995 3361 3061 etiam,
3397 2995 3487 3062 qui
3530 2993 3615 3048 bis

2021 3088 2453 3157 appellaverunt,
2506 3095 2561 3142 et
2592 3086 2721 3141 victi
2770 3094 2918 3151 sunt,
2955 3092 3010 3141 et
3052 3094 3338 3154 postquam
3377 3081 3617 3152 appellaa

323 3172 996 3248 ἀπάγορευθῆυαιαὺτοῖς
1022 3171 1123 3241 τὴν
1175 3169 1430 3240 βοήθειαν
1493 3168 1591 3238 τῆς
1648 3167 1912 3238 ἐκκλήτου

2027 3181 2188 3235 tionis
2222 3180 2485 3234 auxilium
2526 3179 2605 3234 eis
2631 3178 2957 3248 denegatum
2993 3176 3175 3241 fuerit,
3210 3174 3414 3244 aliquid
3441 3188 3618 3229 sacer-

324 3274 732 3341 ἐνεργήσαντας
759 3266 1039 3335 ίερατικόν
1064 3282 1137 3318 τι.
1172 3260 1304 3317 Εἶτα
1322 3262 1391 3315 δι’
1426 3257 1500 3316 ὧν
1524 3280 1689 3332 φησιν
1722 3261 1918 3314 ἐκϐάλ-

324 3366 517 3420 λεσθαι
553 3362 664 3416 ἀπὸ
710 3360 811 3429 τῆς
860 3358 1190 3429 Ἐκκλησίας
1225 3357 1478 3421 καὶτοὺς
1521 3354 1919 3420 κοινωνοῦντας

327 3460 537 3520 αὐτοῖς,
592 3456 741 3508 δοκεῖ
803 3455 987 3523 λέγειν
1049 3454 1144 3506 καὶ
1202 3450 1629 3521 ἀποκηρύκτους
1678 3449 1922 3518 ὀφείλειν

328 3550 587 3619 γενέσθαι
616 3545 838 3609 αὐτούς.
871 3544 1059 3603 Οὕτως
1102 3544 1445 3613 ἐρμήνευσον
1475 3543 1603 3604 τοὺς
1659 3540 1918 3605 κανόνας,

330 3643 429 3697 καὶ
471 3643 547 3713 μὴ
574 3642 739 3711 εἴπῃς
796 3638 890 3691 τὸν
943 3635 1344 3705 καθαιρεθέντα
1407 3634 1514 3688 ὑπὸ
1551 3634 1775 3687 συνόδου
1826 3634 1923 3687 καὶ

334 3737 531 3805 ἔχοντα
591 3733 844 3804 βοήθειαν
904 3729 1201 3798 ἐκκλήτου,
1270 3726 1606 3798 ἐνεργοῦντα
1644 3726 1922 3795 ίερατικόν

332 3847 384 3881 τι
422 3826 563 3897 μετὰ
596 3826 697 3894 τὴν
729 3822 1080 3893 καθαίρεσιν,
1111 3818 1505 3890 ἀποκήρυκτόν
1544 3835 1603 3870 τε
1636 3816 1781 3871 εἶναι
1826 3819 1923 3872 καὶ

335 3922 434 3994 τὴν
462 3921 718 3991 βοήθειαν
751 3917 1022 3985 ἐκκλήτου
1050 3914 1333 3979 ἁπόλλειν,
1360 3912 1547 3976 καθώς
1574 3929 1718 3975 τινες
1745 3907 1919 3967 εἷπον.

346 4012 759 4083 Ἐναντιωθήσῃ
801 4014 909 4079 γὰρ
980 4008 1174 4061 κανόσι
1225 4006 1320 4058 καὶ
1369 4007 1560 4075 νόμοις
1616 4004 1922 4074 διαφόροις,

336 4106 736 4178 διοριζομένοις
765 4101 1038 4173 ἀκεραίαν
1068 4098 1216 4169 ἔχειν
1250 4098 1340 4152 τὸν
1382 4097 1795 4168 κατακριθέντα
1825 4095 1925 4167 τὴν

338 4202 550 4255 οἰκείαν
591 4197 952 4259 κατάστασιν,
990 4193 1186 4263 μέχρις
1216 4192 1283 4269 ἂν
1317 4192 1411 4245 καὶ
1434 4192 1500 4244 τὰ
1534 4193 1634 4263 τῆς
1654 4190 1923 4260 ἐκκλήτου

336 4291 752 4363 γυμνασθῶσινο
790 4287 1089 4358 ἐξαιρέτως
1130 4285 1188 4338 δὲ
1234 4283 1311 4355 τῷ
1366 4285 1407 4337 δ’
1467 4284 1655 4338 κανόνι
1707 4284 1807 4353 τῆς
1869 4284 1927 4338 ἐν

337 4386 581 4457 Σαρδικῇ
613 4382 859 4445 συνόδου,
905 4380 967 4433 ὃν
1004 4379 1100 4434 καὶ
1138 4377 1440 4447 ἀνάγνωθι.
1483 4379 1648 4448 Ζήτει
1705 4379 1799 4431 τὸν
1856 4383 1925 4446 ιγ’

338 4483 433 4534 καὶ
464 4486 527 4531 ιε’
569 4476 770 4531 κανόνα
809 4477 909 4544 τῆς
965 4471 1255 4545 παρούσης
1298 4472 1544 4539 συνόδου,
1600 4470 1695 4524 καὶ
1734 4472 1832 4542 τῆς
1870 4473 1928 4524 ἐν

339 4573 579 4644 Σαρδικῇ
600 4570 805 4624 κανόνα
839 4567 882 4622 δ’
924 4567 1262 4638 ἀναιροῦντα
1301 4565 1549 4629 τούτους⁶
1586 4568 1679 4618 καὶ
1718 4564 1924 4635 βιϐλίου

338 4664 449 4716 τῶν
514 4658 824 4714 Βασιλικῶν
881 4654 929 4725 γ’
985 4656 1165 4709 τίτλου
1211 4661 1257 4707 α’
1297 4654 1600 4724 κεφάλαιον
1645 4660 1751 4724 με’,
1794 4649 1856 4708 οῦ
1893 4652 1928 4724 ἡ

340 4756 510 4828 ἁρχὴ,
556 4754 624 4809 Εἴ
654 4770 804 4816 τινες
835 4754 895 4806 δὲ
926 4750 1219 4805 ὀσιώτατοι
1269 4749 1585 4803 ἐπίσκοπον
1617 4750 1713 4803 καὶ
1748 4750 1930 4821 μάθῃς

342 4850 459 4912 πῶς
492 4847 589 4900 καὶ
618 4844 773 4913 παρὰ
813 4843 926 4895 τίσι
957 4841 1273 4906 δικάζονται
1316 4843 1446 4911 περὶ
1498 4841 1929 4912 ἐγκληματικῶν

344 4943 663 4997 ὑποθέσεων
735 4938 1030 5015 ἐπίσκοποι
1108 4939 1204 4991 καὶ
1272 4936 1554 5008 κληρικοὶ,
1628 4940 1723 4993 καὶ
1798 4941 1931 4996 πότε

345 5036 443 5088 καὶ
478 5035 633 5103 παρὰ
678 5033 822 5085 τίσιν
852 5028 1221 5083 ἐκκαλοῦνται
1260 5029 1785 5102 καταδικαζόμενοι.

340 5164 343 5167 -
419 5127 669 5181 ΖΩΝΑΡ.
708 5125 773 5177 υί
801 5124 904 5195 μὲν
961 5122 1276 5185 ἐπίσκοποι,
1319 5122 1411 5176 ἐπὶ
1457 5124 1773 5196 ἐγκλήμασι
1807 5141 1939 5179 κατ-

2023 3274 2206 3329 dotale
2234 3268 2512 3327 exercent.
2540 3272 2761 3326 Deinde
2809 3284 2905 3339 per
2940 3269 2994 3323 id
3040 3268 3184 3339 quod
3226 3266 3397 3329 dicit,
3422 3282 3516 3321 eos
3550 3281 3616 3320 ex

2023 3367 2268 3422 Ecclesia
2297 3365 2444 3437 cjici,
2477 3368 2567 3435 qui
2602 3365 2734 3434 ipsis
2764 3379 2884 3419 com
2904 3364 3205 3429 municant,
3230 3361 3443 3417 “debere
3472 3361 3619 3429 ipsos

2022 3459 2191 3513 etiam
2226 3456 2507 3511 abdicatos
2554 3455 2671 3508 ﬁeri
2708 3454 2893 3509 dicere
2939 3451 3175 3507 videtur.
3215 3453 3305 3506 Sic
3347 3452 3618 3520 interpre-

2027 3562 2148 3607 tare
2183 3563 2461 3615 canones;
2511 3562 2614 3602 nec
2644 3546 2851 3601 dixeris
2892 3560 3039 3611 eum,
3088 3544 3181 3613 qui
3219 3552 3303 3598 est
3340 3559 3371 3597 a
3412 3542 3619 3614 synodo

2026 3645 2325 3715 depositus,
2371 3654 2425 3697 et
2468 3642 2629 3696 habet
2659 3640 2924 3693 auxilium
2973 3634 3374 3707 appellationis,
3419 3636 3464 3690 si
3496 3643 3621 3704 post

2024 3738 2419 3809 depositionem
2445 3734 2646 3805 aliquid
2673 3732 3027 3797 sacerdotale,
3046 3739 3297 3785 exerceat
3323 3743 3445 3783 esse
3468 3727 3621 3782 abdi-

2028 3843 2233 3897 catum,
2264 3838 2319 3885 et
2368 3826 2749 3898 appellationis
2792 3825 3050 3880 auxilium
3100 3824 3347 3893 perdere,
3394 3830 3452 3877 ut
3483 3836 3619 3875 nono

2028 3925 2157 3981 nulli
2188 3924 2462 3979 dixerunt.
2496 3919 2652 3976 Dices
2680 3920 2824 3974 enim
2852 3917 3207 3988 repugnantia
3237 3926 3290 3970 et
3315 3915 3618 3970 canonibus

2028 4028 2085 4075 et
2133 4016 2367 4072 diversis
2414 4013 2645 4083 legibus,
2700 4027 2820 4082 qua:
2867 4018 3134 4075 statuunt,
3186 4023 3300 4073 eos,
3356 4009 3449 4077 qui
3485 4016 3619 4062 sunt

2029 4102 2378 4166 condemnati
2428 4107 2700 4175 integrum
2742 4114 2796 4158 et
2844 4106 3356 4158 intactum‘statum
3394 4100 3617 4165 habere,

2033 4207 2203 4262 donec
2248 4203 2315 4257 de
2367 4198 2731 4271 appellatione
2780 4198 3060 4267 cognitum
3095 4194 3262 4249 fuerit
3303 4192 3621 4263 :przecipue

2031 4309 2211 4354 autem
2238 4306 2429 4367 quarto
2453 4308 2663 4349 canone
2688 4290 3031 4347 Sardicensis
3053 4289 3246 4359 synodi
3269 4302 3429 4357 quem
3453 4286 3619 4341 etiam

2032 4393 2171 4463 lege.
2217 4390 2412 4457 Qumre
2444 4391 2609 4443 etiam
2637 4400 2874 4441 canones
2906 4384 2974 4439 15
3012 4392 3066 4438 et
3112 4381 3181 4436 15
3210 4380 3494 4450 praesentis
3532 4394 3621 4449 sy-

2034 4486 2160 4542 nodi
2183 4497 2238 4542 et
2266 4483 2609 4541 Sardicensis
2634 4480 2824 4552 synodi
2876 4492 3138 4534 cauonem
3164 4476 3197 4531 4
3224 4476 3314 4544 qui
3337 4475 3432 4529 IIOS
3459 4474 3618 4539 tollit;

2034 4592 2089 4637 et
2123 4579 2245 4635 libri
2280 4594 2339 4633 In
2373 4560 2732 4633 Basilicorum
2768 4572 2851 4627 tit.
2888 4573 2940 4637 l,
2977 4585 3095 4640 cap.
3128 4570 3199 4625 44
3230 4568 3386 4637 cujus
3415 4567 3620 4637 princi-

2042 4675 2189 4746 pium
2226 4680 2330 4737 est,
2365 4671 2421 4725 Si
2459 4678 2643 4723 autem
2674 4664 2841 4736 aliqui
2879 4661 3210 4719 sanctissimi
3241 4659 3481 4730 episcopi
3517 4674 3530 4711 :
3570 4668 3627 4711 et

2038 4770 2204 4832 scies,
2235 4766 2507 4835 quomodo
2534 4770 2590 4817 et
2633 4776 2662 4814 a
2692 4759 2890 4830 quibus
2925 4760 2991 4813 de
3032 4754 3215 4811 causis
3249 4749 3626 4808 criminalibus

2033 4865 2350 4934 judicantur
2378 4858 2617 4929 episcopi
2646 4866 2701 4910 et
2724 4853 2942 4916 clerici;
2974 4861 3025 4905 et
3054 4847 3275 4919 quando
3301 4857 3355 4902 et
3377 4862 3407 4901 a
3432 4845 3627 4915 quibus

2034 4955 2373 5028 appellantur
2401 4946 2769 5007 condemnati.

2109 5132 2362 5189 ZUNAR.
2407 5129 2660 5201 Episcopi
2721 5124 2937 5197 quidem
2983 5124 3030 5181 si
3085 5131 3429 5187 accusentur,
3474 5120 3627 5191 ipso-

355 5217 745 5292 ηγορούμενοι,
779 5216 1003 5269 συνόδου
1035 5214 1250 5267 δέονται
1290 5216 1617 5288 δικαξούσης
1673 5222 1767 5274 καὶ
1806 5222 1924 5275 ἀπο

2039 5242 2159 5284 sum
2184 5239 2405 5281 causam
2437 5238 2465 5277 a
2492 5222 2700 5294 synodo
2722 5216 3025 5276 examinari
3047 5230 3111 5272 ac
3130 5213 3343 5271 deliniri
3370 5222 3581 5283 oportet
3609 5230 3623 5265 :

353 5313 714 5383 φαινομένης·
757 5311 808 5362 οἱ
858 5308 916 5362 δὲ
968 5306 1374 5378 πρεσϐύτεροι,
1421 5309 1518 5362 καὶ
1570 5312 1621 5362 oi
1662 5310 1928 5381 διάκονοι,

355 5408 453 5461 καὶ
496 5409 545 5461 οἱ
570 5403 807 5473 καθεξῆς
847 5401 1127 5473 κληρικοὶ,
1161 5401 1269 5455 ὑπὸ
1314 5400 1411 5454 τοῦ
1457 5402 1591 5455 ίδίου
1633 5405 1948 5462 ἐπισκόπου

2043 5321 2108 5376 de
2146 5316 2481 5390 presbyteris
2513 5328 2664 5380 vero,
2712 5313 2977 5376 diaconis,
3013 5311 3243 5380 aliisque
3276 5305 3628 5365 inferioribus

2041 5412 2257 5468 clericis
2310 5407 2532 5479 proprio
2577 5407 2836 5478 episcopo
2880 5403 3130 5475 judicare
3180 5418 3243 5458 ac
3299 5401 3627 5459 sententiam

1599 5501 1787 5567 Guill.
1817 5507 2144 5588 Bevercgii
2172 5513 2369 5569 notas.

356 5609 562 5682 ptimus
604 5600 892 5683 prmsentis
941 5601 1137 5683 synodi
1185 5616 1363 5682 canon
1404 5618 1472 5683 ex
1528 5604 1718 5683 eodem
1744 5610 1953 5668 codice
2028 5619 2380 5683 praesentem
2409 5607 2647 5683 denique
2680 5610 3211 5683 caponemspectat,
3324 5616 3352 5655 a
3395 5604 3628 5659 concilio

367 5672 644 5749 leguntur,
670 5673 777 5749 sub
835 5672 1060 5749 nomine
1088 5672 1433 5749 nonagesimi
1470 5674 1659 5749 quinti
1688 5687 1742 5733 et
1773 5695 1941 5737 nona-

361 5744 555 5877 gesimi
588 5745 1027 5826 sext'icanonis;
1080 5758 1191 5810 quo
1222 5744 1389 5797 etiam
1424 5746 1619 5801 ordine
1650 5748 1704 5802 in
1746 5766 1945 5823 supra-

403 5827 525 5877 ictls
580 5816 867 5875 codrcnbus
924 5824 1230 5871 etiamnum
1269 5817 1641 5877 reperiuntur.
1678 5818 1835 5877 Ouod
1875 5825 1943 5877 ad

403 5822 525 5878 ictis
580 5816 867 5875 codicibus
924 5816 1230 5871 etiamnum
1269 5817 1641 5884 reperiuntur.
1678 5816 1835 5887 Quod
1875 5825 1943 5881 ad

688 5918 960 5981 PH‘BOI.
1011 5914 1131 5978 Gn.
1166 5911 1539 5987 CXXXVII.

2049 5674 2489 5752 hquisgranensi
2534 5674 2681 5752 anno
2738 5676 2958 5731 Domini
3009 5674 3136 5737 816,
3170 5674 3378 5742 habito,
3412 5689 3478 5730 ex
3506 5689 3631 5731 ver-

2046 5750 2208 5811 sione
2239 5750 2579 5824 Dionysiana
2615 5750 2823 5807 citetur
2856 5756 2911 5805 et
2945 5754 3270 5805 renovatur.

3232 5919 3308 5982 41
