4076 6398
454 358 583 424 1Ξ91

1720 345 1998 409 ΤΗΕΟΙ).
2035 342 2434 407 BALSAMON

3574 344 3723 410 1292

456 474 599 527 ferre
627 469 953 541 permissum
993 475 1096 521 est.
1132 464 1288 532 Quod
1335 463 1383 518 si
1427 461 1627 531 injuste
1668 475 1727 517 se
1754 460 2042 516 damnatos

2152 456 2486 526 δικάζονται,
2535 459 2632 515 καὶ
2679 457 2831 530 αύτῷ
2880 457 3218 530 ψηφίζεσθαι
3271 459 3506 514 δέδοται.
3566 461 3629 515 Ei
3664 461 3733 517 δέ

459 576 781 637 querantur,
830 579 857 615 a
902 561 1323 630 metropolitano
1357 558 1674 632 synodoque
1719 557 2034 626 provinciam

461 674 528 712 ex
562 656 721 726 hujus
748 654 939 726 synodi
973 665 1130 707 sexto
1154 666 1364 707 canone
1391 660 1445 708 et
1478 666 1544 707 ex
1576 650 1918 706 Sardicensis
1950 663 2041 719 sy-

465 750 588 804 nodi
625 762 833 802 canone
860 745 1023 801 tertio
1051 754 1105 800 et
1135 745 1347 813 quinto,
1379 742 1488 797 lata
1524 745 1593 796 ab
1623 742 1881 810 episcopo
1912 753 2040 793 sen-

461 843 625 897 tentia
669 839 981 896 exaniinari
1026 837 1208 894 debet.
1262 836 1454 891 Exstat
1500 848 1715 904 quoque
1763 834 1829 888 de
1872 848 1935 885 ea
1986 846 2045 885 re

466 924 765 993 decretum,
792 931 882 984 lib.
911 945 992 995 ιιι,
1023 928 1177 983 titulo
1207 929 1257 993 ι,
1293 943 1412 996 cap.
1447 928 1518 981 22
1548 926 1923 989 Basilicornm,
1952 938 2042 977 cu-

452 1022 544 1092 jus
594 1020 857 1084 initium,
907 1018 964 1071 Si
1015 1034 1123 1086 qua
1178 1032 1308 1071 vero
1364 1018 1506 1071 inter
1554 1012 2042 1069 reverendissimos

458 1112 702 1179 ejusdem
746 1111 940 1183 synodi
972 1110 1257 1178 episcopos
1302 1108 1676 1163 controversia
1722 1118 1912 1161 exorta
1949 1106 2041 1161 sit.

460 1204 599 1259 llinc
642 1204 811 1273 igitur
844 1214 971 1257 sunt
1016 1203 1103 1256 illa
1147 1202 1304 1271 hujus
1336 1204 1564 1256 canonis
1601 1200 1764 1255 verba
1792 1217 1806 1255 :
1838 1199 1896 1254 Si
1923 1200 2045 1269 quis

462 1297 753 1365 episcopus
784 1312 810 1349 a
837 1296 1044 1366 synodo
1071 1295 1369 1363 depositus,
1398 1304 1504 1349 etc.
1539 1294 1775 1362 aliquam
1810 1291 2043 1363 liturgiaa

462 1395 668 1451 partem
707 1385 981 1454 attingere
1011 1399 1178 1437 ausus
1213 1382 1374 1436 fuerit
1403 1383 1659 1451 (litnrgize
1694 1383 1914 1435 nomine
1944 1382 2045 1434 hoc

463 1478 605 1540 loco,
640 1492 747 1531 non
789 1492 1067 1531 sacrorum
1095 1475 1391 1531 celebratio
1426 1474 1799 1543 incruentique
1831 1471 2045 1527 sacriﬁ-

464 1570 534 1624 cii
563 1569 765 1624 oblatio
789 1569 962 1623 Solum
979 1610 995 1636 ,
1025 1568 1119 1623 sed
1143 1582 1336 1622 omnes
1358 1577 1616 1635 prwterea
1642 1566 1841 1621 summi
1868 1578 2049 1619 sacer-

465 1662 596 1716 dotii
629 1661 934 1716 functiones
962 1661 1356 1731 intelliguntur.
1394 1659 1631 1713 Proinde
1658 1658 1873 1712 etiamsi
1906 1673 1933 1711 a
1961 1670 2051 1711 sa-

463 1768 558 1806 cro
584 1753 833 1809 faciendo
862 1753 1163 1818 abstineat,
1194 1753 1518 1821 baptismum
1547 1762 1727 1805 tamen
1756 1749 2046 1814 ministret,

463 1849 661 1911 aliave,
688 1863 807 1917 quae
847 1862 913 1902 ex
950 1847 1311 1916 praecedente,
1344 1847 1448 1900 hoc
1477 1854 1582 1909 est,
1613 1844 1908 1898 inveterata
1945 1858 2047 1897 an-
2077 1820 2121 1876 Β

465 1939 610 2008 tiqua
636 1936 800 2010 435
833 1938 1248 2002 consuetudine,
1273 1936 1467 1989 summi
1498 1931 1800 1990 sacerdOtis
1829 1932 2044 2003 propria

464 2031 649 2085 munia
696 2029 847 2101 sunt)
894 2029 978 2085 vel
1022 2027 1310 2102 presbyter
1337 2036 1432 2082 aut
1484 2027 1748 2081 diaconus
1796 2025 2047 2095 quamvis

465 2123 668 2194 injuste
690 2138 750 2177 se
773 2125 1087 2178 damnatum
1119 2120 1290 2176 fuisse
1323 2119 1619 2176 contendat
1655 2120 1832 2175 audiri
1869 2120 2048 2173 homi-

464 2232 588 2272 nem
624 2216 680 2272 in
705 2215 877 2271 altera
922 2216 1133 2288 synodo
1181 2223 1235 2270 et
1270 2213 1336 2268 de
1382 2212 1527 2267 illius
1565 2211 1916 2268 damnatione
1950 2210 2051 2266 ite-

467 2324 585 2363 rum
630 2308 748 2379 ipso
777 2308 1092 2376 postulante
1128 2306 1409 2377 cognosci,
1442 2313 1540 2359 aut
1575 2305 1743 2359 alium
1786 2304 1834 2359 ei
1861 2303 2051 2359 defen-

464 2401 638 2456 sionis
669 2399 845 2454 locum
875 2398 1126 2465 concedi,
1153 2413 1223 2453 ne
1258 2398 1443 2454 liceat.
1469 2395 1778 2463 Quinetiam
1811 2394 2049 2464 quicun-

462 2509 595 2563 que,
629 2493 847 2548 illorum
889 2492 1237 2548 damnatione
1258 2492 1494 2560 cognita,
1524 2490 1655 2559 ipsis
1680 2487 2048 2542 communica-

467 2576 662 2650 ve'rint,
711 2592 1067 2653 segregentur
1101 2583 1248 2637 etab
1277 2580 1523 2636 Ecclesia
1563 2580 1928 2649 expelluntur.
1982 2577 2048 2631 Et

466 2692 595 2731 vero
644 2676 911 2746 ejusmodi
951 2675 1229 2728 hominem
1268 2688 1368 2727 suo
1393 2672 1631 2741 seipsum
1670 2670 1879 2725 calculo
1918 2684 2051 2724 con-

464 2771 726 2823 demnare
774 2766 968 2838 synodi
1007 2764 1449 2834 Carthaginiensis
1477 2778 1649 2817 canon
1685 2761 2049 2817 undetricesi-

470 2879 590 2917 mus
621 2862 839 2916 asserit.
879 2859 1065 2930 Igitur,
1092 2868 1204 2913 tum
1235 2874 1301 2913 ex
1332 2856 1435 2911 hoc
1458 2871 1702 2923 canone,
1735 2864 1843 2910 tum
1870 2871 1934 2909 ex
1960 2856 2048 2923 iis,

466 2970 605 3023 quos
630 2969 793 3023 supra
830 2952 1399 3027 commemoravimus,
1425 2949 1583 3006 facile
1617 2962 1859 3021 apparet,
1884 2950 2052 3005 licere

464 3046 742 3115 episcopo,
785 3045 878 3115 qui
910 3045 1112 3114 injuste
1171 3059 1231 3099 se
1273 3044 1697 3099 condemnatum
1748 3041 2045 3107 existimet,

2146 569 2317 623 φασιν
2381 553 2690 608 ἀδικεῖσθαι
2757 555 2811 608 οί
2870 554 3403 625 καταψηφισθέντες,
3461 553 3569 608 ὑπὸ
3628 554 3735 609 τοῦ

2144 644 2556 715 μητροπολίτου
2590 645 2689 699 καὶ
2726 646 2824 715 τῆς
2849 646 3075 701 συνόδου
3118 647 3217 717 τῆς
3252 646 3583 718 ἐπαρχίαςὴ
3615 645 3738 716 ψῆ-

2145 749 2247 802 φος
2288 739 2600 802 σκοπεῖται,
2629 738 2775 793 κατὰ
2808 739 2901 792 τὸν
2936 737 3097 792 ἕκτον
3138 738 3342 793 κανόνα
3380 740 3479 808 τῆς
3502 739 3739 791 συνόδου

2143 827 2374 899 ταύτης,
2412 830 2508 881 καὶ
2564 832 2709 884 κατὰ
2737 831 2831 884 τὸν
2870 833 3056 904 τρίτον
3088 832 3184 885 καὶ
3216 831 3466 901 πέμπτον
3523 833 3741 887 κανόνα

2147 920 2245 987 τῆς
2287 923 2346 973 ἐν
2387 922 2628 994 Σαρδικῇ
2665 924 2912 978 συνόδου.
2946 926 3086 995 Περὶ
3126 924 3320 979 τούτου
3351 925 3407 978 δὲ
3446 926 3744 995 νομοθετεῖ

2149 1008 2246 1063 καὶ
2277 1008 2489 1080 βιϐλίον
2517 1013 2627 1065 τῶν
2659 1013 2971 1069 Βασιλικῶν
2998 1014 3211 1084 τρίτον,
3266 1016 3375 1070 τίτ.
3425 1022 3497 1081 α’,
3552 1016 3743 1085 κεφά-

2144 1101 2295 1158 λαιον
2328 1102 2434 1174 κβ’,
2459 1098 2521 1157 οὗ
2552 1108 2585 1176 ή
2614 1107 2781 1177 ἁρχὴ,
2815 1109 2881 1162 El’
2909 1123 3056 1171 τινες
3095 1108 3151 1162 δὲ
3187 1109 3479 1173 ὁσιώτατοι
3508 1110 3748 1162 ἐπίσκο-

2146 1213 2240 1249 ποι
2279 1199 2378 1267 τῆς
2433 1197 2611 1267 αὐτῆς
2671 1199 2917 1266 συνόδου,
2970 1201 3387 1273 ἀμφισϐήτησίν
3424 1218 3549 1255 τινα
3591 1203 3748 1273 πρὸς

2145 1287 2415 1359 ἀλλήλους
2450 1291 2647 1360 ἔχοιεν.
2692 1291 2793 1345 Διὰ
2822 1292 3001 1348 ταῦτα
3035 1293 3223 1347 τοίνυν
3257 1296 3285 1347 6
3330 1292 3525 1363 παρὼν
3549 1292 3749 1347 κανὼν

2149 1376 2328 1433 εἶπεν·
2367 1382 2433 1436 Εἴ
2457 1400 2543 1446 τις
2573 1384 2901 1451 ἐπίσκοπος,
2937 1386 3044 1438 ὑπὸ
3089 1387 3308 1439 συνόδου
3354 1387 3745 1457 καθαιρεθεὶς,

2148 1472 2245 1526 καὶ
2292 1475 2360 1528 τὰ
2390 1475 2614 1547 ἐφεξῆς,
2635 1478 2911 1548 ,τολμήσει
2942 1478 3152 1548 πρᾶξαί
3174 1496 3226 1531 τι
3259 1478 3361 1548 τῆς
3384 1480 3750 1551 λειτουργίας

2148 1568 2523 1639 (λειτουργίαν
2576 1571 2817 1625 ἐνταῦθα
2854 1572 2915 1626 οὐ
2970 1572 3071 1643 τὴν
3114 1573 3434 1644 ἱερουργίαν
3472 1574 3581 1631 καὶ
3636 1576 3748 1640 τὴν

2148 1658 2376 1730 τελετὴν
2429 1661 2528 1728 τῆς
2569 1661 2920 1731 ἀναίμακτον
2959 1661 3155 1725 θυσίας
3213 1665 3353 1731 φησὶ
3391 1665 3584 1733 μόνην,
3619 1664 3747 1717 ἀλλ’

2152 1750 2301 1804 ἅπαν
2331 1753 2728 1822 ἁρχιερατικὸν
2771 1754 3010 1810 δίκαιον.
3046 1755 3166 1810 Κᾶν
3199 1756 3310 1826 γὰρ
3368 1758 3468 1827 οὐχ
3522 1758 3749 1829 ἱερουρ-

2149 1843 2319 1913 γήσῃ,
2356 1843 2598 1916 βαπτίσῃ
2622 1846 2699 1913 δὲ,
2738 1845 2989 1918 ἢέτερον
3022 1848 3224 1921 ποιήσῃ
3258 1848 3518 1919 ἀρχιερεῖ
3553 1865 3734 1921 προσ-

2149 1933 2307 2002 ῆκον,
2376 1936 2520 1988 κατὰ
2549 1938 2651 2006 τὴν
2679 1938 3035 2007 προάγουσαν
3066 1938 3385 2009 συνήθειαν,
3411 1940 3744 2010 ἧγουνκατὰ

2148 2025 2210 2077 τὸ
2242 2028 2526 2098 κρατῆσαν
2566 2028 2797 2084 παλαιὸν
2855 2030 2999 2100 ἔθος)
3050 2031 3085 2102 ἢ
3156 2031 3532 2102 πρεσϐύτερος
3564 2030 3596 2102 ἢ
3626 2032 3745 2085 διάο

2150 2131 2327 2180 κονος,
2366 2117 2443 2188 μὴ
2476 2114 2681 2182 ἐξέστω
2710 2119 2881 2190 αὐτῷ,
2924 2120 3025 2175 κᾶν
3053 2121 3189 2194 λέγῃ
3231 2121 3307 2193 μὴ
3332 2122 3745 2193 καταδικασθῆ-

2150 2224 2262 2273 ναι,
2297 2212 2465 2282 ὲτέρα
2501 2214 2707 2284 συνόδῳ
2739 2215 3174 2287 προσέρχεσθαι,
3205 2218 3303 2270 καὶ
3346 2218 3538 2286 ζητεῖν
3591 2218 3735 2270 66x:-

2155 2300 2431 2371 μασθῆναι
2458 2303 2558 2373 τὴν
2586 2303 2711 2358 κατ’
2737 2305 2906 2360 αὑτοῦ
2936 2306 3139 2376 ψῆφον,
3171 2308 3311 2379 μηδὲ
3353 2309 3541 2379 χώραν
3574 2308 3735 2362 αὐτοῦ

2150 2392 2455 2462 ἀπολογίας
2490 2398 2862 2468 παρέχεσθαι,
2894 2399 3033 2453 ἀλλὰ
3066 2403 3157 2453 καὶ
3186 2404 3313 2464 τοὺς
3340 2401 3740 2464 κοινωνοῦντας

2151 2486 2358 2552 αὐτοῖς,
2394 2490 2671 2559 μαθόντας
2706 2492 2808 2561 τὴν
2840 2492 2961 2547 κατ’
3002 2494 3187 2548 αὐτῶν
3233 2496 3532 2563 ἀπόφασιν,
3588 2496 3732 2563 ἀφο-

2156 2578 2405 2648 ρίζεσθαι
2437 2583 2528 2635 καὶ
2560 2580 2883 2647 ἐξωθεῖσθαι
2917 2586 3018 2656 τῆς
3044 2585 3403 2655 Ἐκκλησίας.
3436 2589 3543 2640 Καὶ
3589 2588 3616 2638 6
3654 2583 3740 2637 κθ’

2151 2675 2250 2744 τῆς
2282 2678 2339 2729 ἐν
2377 2675 2713 2749 Καρθαγένῃ
2745 2678 2972 2731 συνόδου
3006 2679 3188 2732 κανὼν
3216 2680 3364 2748 λέγει
3399 2683 3743 2734 καθ’ὲαυτοῦ

2152 2768 2243 2822 τὸν
2276 2766 2521 2822 τοιοῦτον
2542 2768 2641 2839 τὴν
2679 2770 2835 2839 δίκην
2877 2775 3241 2841 προαγαγεῖν.
3273 2774 3537 2827 Φαίνεται
3564 2770 3654 2827 οὖν
3679 2776 3748 2827 ἐκ

2151 2862 2349 2916 τούτου
2381 2862 2476 2916 τοῦ
2509 2865 2738 2927 κανόνος
2786 2867 2881 2918 καὶ
2917 2867 2983 2918 ἐκ
3021 2866 3133 2919 τῶν
3192 2869 3465 2935 ἀνωτέρω
3529 2886 3749 2938 μνημο-

2155 2955 2459 3009 νευθέντων
2518 2958 2600 3010 ὅτι
2664 2955 2846 3021 ἔξεστι
2894 2956 2971 3027 τῷ
3035 2959 3385 3030 δικαζομόνῳ
3433 2958 3746 3031 ἐπισκότέῳ,

2154 3047 2462 3101 ἀδικεῖσθαι
2490 3050 2960 3119 ὑπολαμϐάνοντι,
2994 3053 3186 3122 ζητεῖν
3250 3052 3342 3121 ὑφ’
3378 3054 3587 3124 ἑτέρων
3632 3055 3753 3109 δια-

466 3141 604 3194 alios
632 3153 812 3193 causa:
837 3153 947 3192 suae
1001 3152 1065 3190 ac
1102 3136 1471 3192 damnationis
1516 3135 1827 3204 cognitores
1861 3145 2041 3203 postu

2155 3143 2576 3213 γνωμονηθῆναι
2606 3142 2706 3215 τὴν
2728 3144 2851 3197 κατ’
2876 3145 3044 3199 αὐτοῦ
3072 3145 3373 3213 ἀπόφασιν.
3413 3148 3522 3199 Καὶ
3545 3147 3572 3199 6
3599 3153 3657 3200 ιε’
3693 3148 3754 3201 δὲ

466 3231 582 3286 lare
611 3247 626 3283 :
661 3230 916 3299 quamvis
960 3230 1085 3283 huic
1122 3228 1507 3283 constitutioni
1554 3229 1799 3282 decimus
1829 3228 2052 3295 quintus

466 3324 706 3392 ejusdem
742 3321 934 3391 synodi
961 3334 1134 3373 canon
1168 3333 1476 3389 repugnare
1499 3318 1784 3382 videatur,
1821 3318 1878 3371 Si
1910 3318 2054 3385 quis,

471 3415 752 3486 inquiens,
815 3414 1106 3482 episcopus
1154 3412 1461 3480 aliquorum
1527 3411 1814 3464 criminum
1867 3423 2052 3463 coram

467 3505 724 3561 oninihns
771 3506 1067 3575 provinciae
1122 3504 1393 3574 episcopis
1444 3513 1760 3569 accusatus,
1820 3516 2055 3556 consen-

469 3598 841 3667 tientibusque
900 3596 1114 3649 illorum
1175 3594 1448 3661 suffragiis
1500 3594 1789 3648 damnatus
1846 3593 2051 3659 fuerit,

469 3696 518 3747 is
549 3708 615 3747 ne
650 3692 887 3759 amplius
912 3690 983 3745 ab
1019 3689 1139 3743 aliis
1164 3688 1481 3759 judicetur;
1523 3687 1617 3741 sed
1655 3701 1719 3740 ea
1757 3687 2051 3753 sententia,

470 3798 632 3852 quam
673 3782 1085 3835 consentientes
1116 3779 1414 3847 provincia:
1452 3777 1689 3847 episcopi
1716 3776 1910 3841 tulere,
1937 3788 2052 3831 rata

470 3882 814 3945 permaneat.
847 3870 1116 3927 Videntur
1144 3886 1297 3943 ergo.
1340 3882 1399 3925 ut
1432 3871 1692 3935 diximus,
1734 3870 1788 3923 hi
1813 3885 2052 3926 canones

468 3970 610 4024 inter
637 3981 698 4022 se
725 3967 1011 4032 contrarii,
1048 3965 1143 4019 sed
1174 3979 1296 4031 ,non
1328 3975 1459 4018 sunt
1504 3972 1708 4017 tamen.
1731 3960 1930 4017 Verum
1956 3980 2050 4019 ca—

467 4077 573 4117 non
607 4060 642 4115 4
672 4060 742 4115 de
776 4061 843 4114 iis
871 4059 1004 4131 agit,
1040 4059 1133 4128 qui
1170 4073 1199 4111 a
1228 4057 1466 4127 synodo,
1507 4058 1610 4111 hoc
1642 4068 1746 4123 est,
1779 4058 2049 4113 sententia

462 4158 534 4211 ab
565 4155 841 4225 aliquibus
854 4154 1155 4224 provincia:
1177 4152 1446 4223 episcopis
1473 4152 1618 4207 inter
1637 4166 1695 4205 se
1718 4154 2051 4207 convenien-

458 4252 610 4317 tibus
642 4250 1020 4319 pronuntiata,
1055 4247 1299 4302 damnati
1330 4245 1571 4310 fuerint;
1603 4246 1967 4315 quamobrem
1996 4254 2053 4301 et

463 4345 539 4406 ei.
570 4346 661 4412 qui
689 4359 749 4398 se
774 4343 974 4409 injuste
1006 4341 1190 4394 lazsum
1226 4348 1403 4408 putat,
1437 4340 1503 4394 de
1537 4341 1708 4394 altera
1752 4339 2052 4409 quaestione

468 4434 799 4488 instituenda
844 4434 1114 4499 integrum
1156 4443 1279 4484 esse
1313 4428 1559 4484 decernit
1597 4445 1611 4484 :
1655 4437 1709 4482 at
1739 4444 1866 4484 vero
1907 4430 2051 4484 deci-

464 4541 592 4581 mus
618 4526 844 4594 quintus
896 4536 1070 4575 canon
1106 4522 1174 4576 de
1218 4521 1593 4585 damnatione,
1643 4535 1801 4589 quam
1861 4538 2049 4578 omnes
2082 4500 2129 4558 θ

466 4618 630 4673 simul
657 4614 955 4686 provincia:
984 4613 1225 4684 episcopi
1267 4612 1509 4668 unanimi
1539 4626 1811 4667 consensu
1850 4629 2048 4683 appro-

468 4709 689 4772 bavere,
723 4718 808 4761 est
838 4705 1242 4777 intelligendus.
1272 4690 1447 4775 Igitur
1480 4700 1913 4772 quandocunque
1952 4700 2051 4755 ali-

470 4804 562 4871 qui
587 4816 649 4855 ex
678 4800 948 4869 episcopis
978 4796 1410 4868 provincialibus
1433 4808 1760 4865 quemquam
1793 4794 2052 4848 condem-

471 4891 743 4957 naverint,
774 4892 845 4954 ei,
875 4893 964 4958 qui
990 4891 1282 4943 damnatus
1313 4896 1420 4951 est,
1454 4887 1749 4940 secundam
1787 4886 1853 4941 de
1885 4901 2050 4941 causa

468 4982 826 5050 quaestionem
868 4977 1189 5033 instituendi
1227 4966 1460 5029 facultas
1497 4973 1604 5029 erit
1638 4989 1653 5027 :
1694 4983 1750 5029 at
1789 4975 1833 5029 si
1860 4984 2051 5029 contra

468 5075 704 5142 aliquem
742 5085 941 5126 omnes
973 5067 1215 5151 episcopi
1250 5066 1615 5147 provinciales
1654 5068 2053 5123 consentienti-

455 5170 569 5237 _bus
621 5166 821 5222 animis
867 5148 1192 5235 judicarint,
1239 5160 1511 5232 judicium
1572 5161 1699 5217 illud
1752 5162 1801 5217 ei
1859 5170 2054 5217 contra

454 5277 631 5332 quem
676 5257 1089 5339 pronuntiatum
1127 5263 1232 5319 est,
1281 5255 1337 5308 in
1382 5255 1603 5311 dubium
1642 5268 1901 5312 revocare
1937 5270 2056 5309 am-

471 5357 614 5427 plius
665 5368 775 5429 non
824 5338 1042 5427 licebit;
1101 5360 1160 5403 ut
1212 5346 1379 5405 facile
1423 5364 1453 5402 a
1502 5349 1783 5403 contrario
1825 5347 2052 5427 intelligi

469 5426 651 5515 queat,
677 5446 722 5500 si
741 5426 923 5499 minus
942 5444 1084 5497 inter
1112 5456 1171 5497 se
1205 5444 1270 5497 de
1302 5444 1651 5499 damnatione
1677 5426 2048 5509 consentiant,

466 5538 714 5610 quamvis
746 5553 936 5593 omnes
966 5536 1127 5591 simul
1157 5536 1542 5603 convenerint,
1570 5547 1700 5595 tunc
1730 5552 1947 5608 quoque
1990 5536 2055 5590 de

464 5633 740 5688 sententia
790 5630 1159 5687 damnationis
1189 5630 1549 5685 examinanda
1585 5634 1652 5686 ab
1692 5645 1779 5697 eo,
1812 5630 1905 5699 qui
1955 5628 2052 5684 da-
2126 5634 2129 5637 ’

467 5740 683 5784 innatus
729 5738 846 5797 est,
892 5728 1061 5799 quaeri
1097 5729 1281 5784 licere.
1329 5729 1410 5785 De
1446 5731 1548 5785 hac
1592 5742 1653 5783 re
1714 5728 1837 5784 vide
1888 5726 2050 5783 etiam

457 5827 654 5885 svitodi
689 5824 847 5891 hujus
868 5835 1129 5883 canonem
1156 5825 1422 5883 decimum
1454 5831 1727 5893 quartum.

2157 3233 2363 3304 ταύτης
2417 3234 2519 3304 τῆς
2552 3236 2774 3288 συνόδου
2836 3235 3016 3290 κανὼν
3044 3237 3430 3291 ἐναντιοῦσθαι
3468 3238 3623 3292 δοκεῖ
3669 3241 3751 3310 τῷ

2158 3326 2393 3396 παρόντι
2417 3328 2627 3392 κανόνι,
2664 3328 2863 3396 λέγων,
2896 3329 2964 3381 Εἴ
2992 3348 3078 3393 τις
3121 3332 3423 3395 ἐπίσκοπος
3453 3334 3547 3387 ἐπί
3587 3351 3750 3387 τισιν

2156 3420 2474 3490 ἐγκλήμασι
2530 3424 2940 3493 κατηγορηθεὶς
2969 3424 3189 3496 κριθείη
3233 3426 3340 3480 ὑπὸ
3380 3427 3601 3480 πάντων
3636 3428 3753 3482 τῶν

2157 3514 2215 3567 ὲν
2258 3515 2323 3583 τῇ
2361 3513 2605 3584 ἐπαρχίᾳ
2666 3516 3007 3584 ἐπισκόπων,
3068 3519 3274 3582 πάντες
3331 3535 3391 3572 τε
3450 3520 3753 3590 σύμφωνον

2158 3602 2292 3673 μίαν
2318 3606 2439 3659 κατ’
2472 3606 2641 3661 αὐτοῦ
2680 3608 3026 3678 ἐξενέγκοιεν
3056 3611 3263 3681 ψῆφον,
3288 3612 3478 3665 τοῦτον
3541 3616 3751 3685 μηκέτι

2156 3694 2289 3765 παρ’
2328 3698 2538 3768 ἑτέροις
2565 3698 2915 3765 δικάζεσθαι,
2950 3702 3090 3756 ἀλλὰ
3135 3704 3321 3773 μένειν
3356 3704 3586 3775 βεϐαίαν
3647 3709 3752 3779 τὴν

2157 3788 2453 3857 σύμφωνον
2485 3790 2597 3845 τῶν
2649 3794 2749 3861 τῆς
2779 3794 3059 3864 ἐπαρχίας
3090 3797 3413 3851 ἐπισκόπων
3438 3799 3750 3869 ἀπόφασιν,

2154 3881 2385 3935 Δοκοῦσι
2412 3884 2513 3951 μὲν
2543 3879 2659 3947 οὖν,
2698 3885 2775 3948 ὡς
2827 3884 3066 3956 εἴρηται,
3105 3890 3346 3943 ἐναντίοι
3386 3892 3645 3963 ἀλλήὶοις
3692 3900 3752 3949 oi

2157 3977 2387 4040 κανόνες
2422 3968 2589 4041 οὗτοι,
2638 3978 2740 4030 οὐκ
2781 3981 2891 4037 εἰσὶ
2932 3979 3013 4032 δέ.
3063 3979 3203 4033 Ἀλλ’
3230 3984 3259 4034 6
3330 3984 3432 4053 μὲν
3480 3988 3751 4058 τέταρτος

2157 4067 2340 4123 κανὼν
2390 4070 2526 4138 περὶ
2566 4073 3087 4142 καταψηφισθέντος
3132 4076 3240 4128 ὑπὸ
3284 4079 3512 4131 συνόδου
3547 4086 3750 4150 φησὶν,

2154 4161 2324 4230 ἠγουν
2350 4163 2514 4216 τινῶν
2555 4166 2876 4218 ἐπισκόπων
2907 4168 3010 4235 τῆς
3052 4168 3330 4238 ἐπαρχίας
3362 4172 3744 4227 συνελθόντων

2156 4256 2748 4327 καὶάποφηναμένων,
2781 4258 2863 4315 διὸ
2921 4262 3018 4312 καὶ
3073 4261 3259 4317 δίδωσι
3312 4262 3393 4333 τῷ
3459 4269 3748 4335 νομίζοντι

2155 4348 2466 4403 ἀδικεῖσθαι
2495 4349 2680 4421 ζητεῖν
2721 4354 2818 4405 καὶ
2852 4352 3118 4421 δευτέραν
3171 4356 3451 4421 ἐξέτασιν·
3509 4362 3538 4412 6
3579 4360 3638 4412 δὲ
3681 4370 3749 4413 ιε’

2158 4438 2290 4509 περὶ
2335 4439 2521 4510 ψήφου
2580 4445 2720 4512 φησὶ
2786 4446 2943 4515 παρὰ
3003 4446 3229 4501 πάντων
3284 4448 3423 4518 ὁμοῦ
3493 4452 3601 4504 τῶν
3643 4454 3753 4522 τὴς

2156 4533 2431 4602 ἐπαρχίας
2530 4535 2849 4593 ἐπισκόπων
2954 4539 3261 4608 συμφώνως
3340 4542 3750 4616 ἐξενεχθείσης,

2158 4628 2321 4679 ’Ὥστε
2378 4627 2469 4680 ὅτε
2514 4629 2616 4699 μέν
2657 4648 2804 4695 τινας
2866 4633 2976 4686 τῶν
3018 4635 3384 4704 ἐπαρχιωτῶν
3420 4639 3756 4693 ἐπισκηέπων

2154 4720 2297 4774 κατά
2348 4738 2496 4784 τινος
2541 4725 2963 4795 ἁποφήνωνται,
3012 4726 3309 4797 δυνήσεται
3368 4731 3397 4782 6
3442 4732 3757 4786 anteﬁxa.-

2157 4809 2345 4877 σθεὶς,
2391 4811 2487 4864 καὶ
2536 4816 2617 4876 είς
2676 4815 2939 4886 δευτέραν
2989 4817 3220 4887 ζήτησιν
3264 4819 3365 4890 τὴν
3406 4819 3564 4892 δίκην
3613 4840 3757 4876 κατ-

2153 4910 2405 4975 αγαγεῖν
2429 4909 2519 4963 ὅτε
2550 4909 2606 4962 δὲ
2640 4911 2690 4962 oi
2737 4912 2835 4981 τῆς
2868 4912 3140 4982 ἐπαρχίας
3187 4914 3391 4977 πάντες
3449 4916 3755 4971 ἐπίσκοποι

2154 5000 2299 5053 κατά
2332 5017 2479 5065 τινος
2500 4994 3383 5075 όμογνωμονήσαντεςιάπόφασιν
3442 5010 3754 5078 ποιήσουσι

2160 5093 2481 5164 σύμφωνον,
2559 5095 2749 5153 οὐκέτι
2800 5097 2880 5166 τῷ
2936 5098 3398 5155 καταδικασθέντι
3455 5099 3753 5172 δοθήσεται

2155 5187 2311 5241 ἄδεια
2342 5188 2445 5259 τὴν
2473 5187 2656 5258 ψῆφον
2685 5189 2910 5261 ἐκείνην
2945 5191 3334 5246 ὰναπαλαίεινο
3367 5191 3447 5255 ὡς
3490 5192 3552 5257 ἐξ
3592 5200 3753 5249 αντι-

2155 5276 2443 5351 διαστολῆς
2475 5281 2719 5335 νοεῖσθαι
2755 5283 2839 5336 ὅτι
2863 5280 2965 5336 κᾶν
3004 5284 3213 5347 πάντες
3248 5284 3583 5349 συνέλθοιεν,
3640 5289 3751 5360 οὐχ

2156 5371 2559 5442 ὀμοιρωνήσωσι
2589 5372 2647 5427 δὲ
2686 5373 2939 5444 ἀλλήλοις
2974 5376 3104 5445 περὶ
3130 5376 3232 5445 τὴν
3268 5379 3473 5446 φῆφον,
3516 5378 3749 5443 ἐξέσται

2159 5463 2254 5515 καὶ⁵
2286 5464 2409 5517 τότε
2449 5463 2530 5533 τῷ
2569 5465 3056 5538 καταδικαζομένῳ
3081 5469 3276 5539 ζητεῖν
3322 5476 3423 5541 τὴν
3482 5470 3605 5524 κατ’
3646 5472 3751 5524 αὖ·

2155 5554 2251 5607 τοῦ
2309 5554 2627 5627 τηρηθῆναι.
2664 5558 2969 5627 ἀπόφασιν
3019 5561 3120 5615 καὶ
3176 5562 3310 5632 περὶ
3361 5560 3562 5615 τυύτου
3610 5561 3753 5617 ἀνά-

2156 5648 2325 5718 γνωθι
2352 5653 2455 5705 καὶ
2479 5654 2569 5707 τὸν
2596 5652 2660 5707 ιδ’
2698 5654 2907 5709 κανόνα
2933 5653 3144 5725 ταύτης
3172 5659 3271 5728 τῆς
3322 5656 3572 5714 συνόδου.
