4076 6392
359 425 495 490 1293

1418 422 1499 483 IN
1540 422 1701 483 CAN.
1741 424 1786 484 V
1824 421 2037 483 CONC.
2078 423 2133 483 lI
2160 422 2518 495 ,ANTIOCH.

3484 425 3619 487 19M
3682 396 3687 397 ί

354 542 581 599 ΑΡΙΣΤ.
625 559 644 594 ι
690 540 751 595 '0
782 538 889 593 ύπδ
925 539 1148 593 συνόδου
1196 537 1577 609 καθῃρημένος
1610 537 1927 602 ἐπίσκοπος,

2038 537 2269 594 Αιιιδτ.
2316 557 2336 590 ι
2374 538 2672 610 Episcopus
2705 504 2969 611 asyuodo
3004 540 3316 612 depositus,
3373 541 3418 597 si
3456 556 3617 599 sacra

424 655 445 690 ι
484 639 534 690 εἰ
592 634 1054 704 αύθαδιαζόμενος
1139 632 1536 704 λειτουργήσει,
1614 631 1689 701 μὴ
1764 632 1937 701 ἐχέτω

425 745 446 777 ι
484 725 838 778 κατάστασιν.
883 741 903 775 ι

436 818 497 872 Ὀ
555 818 654 889 μὲν
712 815 895 869 κανὼν
948 809 1103 879 οὗτος
1135 814 1416 889 ἐμφαίνει,
1456 815 1721 878 ὡσαύτως
1764 814 1862 869 καί¹
1908 815 1937 867 ό

351 912 656 973 δωδέκατος
690 907 895 974 κανὼν,
930 908 1195 961 δύνασθαι
1225 908 1318 961 τὸν
1352 886 1457 961 ὑπὸ
1485 909 1707 964 συνόδου
1739 907 1936 961 καθαι-

360 1000 589 1072 ρεθέντα
617 999 919 1051 ἐπίσκοπον
950 996 1329 1063 ἐκκαλεῖσθαι,
1361 996 1458 1050 καὶ
1486 998 1586 1067 τὴν
1613 999 1735 1053 κατ’
1765 995 1935 1052 αὐτοῦ

256 1103 273 1117 ⁸
353 1093 556 1161 ψῆφον,
591 1093 638 1144 εἰ
670 1090 854 1152 κακῶς
883 1091 1130 1159 γέγονεν,
1160 1089 1248 1158 ὑφ’
1280 1089 1475 1160 ἐτέρας
1510 1090 1760 1160 μείζονος
1782 1092 1933 1161 διορ-

355 1182 579 1235 θοῦσθαι
609 1181 830 1234 συνόδου
853 1196 867 1211 ⁸
899 1184 947 1234 εἰ
974 1183 1049 1252 μή
1076 1199 1179 1234 που
1206 1184 1232 1235 ὁ
1259 1182 1610 1252 καθαιρεθεὶς
1633 1182 1936 1246 ἐπίσκοπος

353 1274 476 1326 κατ’
510 1273 721 1327 οἰκείαν
778 1273 1075 1327 αὐθάδειαν
1131 1274 1239 1344 πρὸ
1281 1274 1626 1345 διορθώσεως
1673 1274 1772 1344 τῆς
1815 1273 1933 1327 κατ’

352 1364 517 1418 αὑτοῦ
550 1365 881 1434 ἀποφάσεως
904 1365 1197 1435 τολμήσειε
1226 1367 1588 1438 λειτουργεῖν.
1616 1368 1934 1436 Τηνικαῦτα

351 1458 480 1527 γάρ,
513 1458 634 1510 οὐδὲ
665 1460 714 1511 εί
755 1459 943 1521 κακῶς
980 1458 1131 1524 λέγει
1179 1458 1598 1530 καθαιρεθῆναι,
1652 1460 1934 1514 ἀποκατά-

354 1566 543 1602 στασιν
588 1549 723 1614 ἕξει,
773 1550 805 1619 ἢ
855 1549 1041 1621 χώραν
1092 1551 1390 1619 ἀπολογίας
1422 1551 1706 1622 δευτέρας.
1767 1552 1828 1605 '0
1878 1551 1935 1606 δὲ

352 1638 845 1702 πεντεκα;δέκατος
882 1639 1062 1693 κανὼν
1090 1641 1191 1710 τῆς
1244 1641 1465 1694 συνόδου
1496 1642 1702 1713 ταύτης
1731 1641 1934 1713 φάσκει

349 1730 442 1782 τὸν
466 1731 571 1783 ὑπὸ
595 1730 814 1783 πάντων
833 1732 944 1784 τῶν
966 1734 1023 1785 ἐν
1045 1736 1110 1804 τῇ
1138 1734 1379 1805 ἐπαρχίᾳ
1400 1736 1718 1790 ἐπισκόπων
1741 1735 1934 1790 καθαιο

353 1822 579 1893 ρεθέντα
608 1825 806 1894 μηκέτι
831 1824 1095 1879 δύνασθαι
1118 1827 1493 1893 ἐκκαλεῖσθαι,
1520 1827 1657 1883 ἀλλὰ
1681 1829 1780 1902 τὴν
1810 1828 1931 1882 κατ’

2118 649 2136 682 ι
2176 631 2454 686 celebrare
2482 646 2651 687 ausus
2676 631 2862 698 fuerit,
2886 632 3142 689 redeundi
3162 643 3485 705 potestatem
3511 651 3619 693 non

2118 739 2137 772 ι
2175 722 2395 776 habeat.
2420 739 2438 773 ι

2110 812 2210 869 llic
2257 816 2473 884 quidem
2527 829 2702 870 canon
2733 853 2748 878 ,
2804 823 2863 869 ut
2916 824 2972 870 et
3022 831 3199 872 canon
3244 817 3620 885 duodecimus,

2037 907 2278 961 ostendit
2310 907 2627 977 episcopum
2664 921 2692 960 a
2725 909 2931 978 synodo
2957 908 3266 977 depositum
3296 925 3461 978 posse
3497 926 3621 980 pro-

2038 1012 2257 1061 vocare,
2296 1006 2351 1049 et
2382 995 2707 1052 sententiam
2743 1005 2930 1049 contra
2976 1011 3036 1051 se
3071 996 3233 1051 latam
3256 1037 3272 1064 ,
3332 998 3377 1051 si
3422 997 3624 1066 injuste

2038 1086 2177 1142 facta
2217 1085 2339 1152 fuit,
2372 1085 2440 1140 ab
2474 1085 2645 1139 altera
2685 1083 2878 1155 majori
2925 1084 3217 1139 emendare
3246 1085 3478 1156 synodo,
3518 1084 3623 1139 nisi

2036 1178 2260 1234 forsitan
2308 1178 2596 1247 episcopus
2642 1178 2735 1246 qui
2788 1179 3079 1244 deponitur
3116 1192 3212 1246 per
3250 1176 3621 1246 arrogantiam

2037 1284 2192 1325 suam
2229 1281 2356 1325 ante
2399 1271 2687 1325 sententiae
2727 1280 2917 1325 contra
2957 1285 3014 1324 se
3060 1270 3183 1324 lata:
3220 1272 3618 1325 correctionem

2038 1377 2193 1417 sacra
2230 1365 2410 1418 facere
2444 1379 2609 1418 ausus
2639 1362 2826 1419 fuerit.
2870 1360 3028 1417 Tunc
3071 1363 3216 1417 enim
3278 1376 3454 1431 neque
3496 1362 3621 1416 licet

2038 1457 2241 1526 injuste
2269 1471 2326 1510 se
2358 1457 2551 1525 deponi
2594 1456 2747 1519 dicit,
2787 1456 3190 1510 restitutionem
3229 1454 3484 1519 habebit,
3523 1470 3622 1509 nec

2037 1549 2289 1605 secundae
2321 1548 2584 1619 apologite
2604 1547 2806 1602 locum.
2833 1548 2901 1602 At
2928 1550 3171 1603 decimus
3200 1549 3427 1619 quintus
3460 1548 3623 1618 hujus

2037 1641 2227 1712 synodi
2250 1655 2425 1695 canon
2458 1641 2569 1706 ait,
2604 1657 2726 1694 eum
2762 1640 2855 1710 qui
2884 1642 2951 1695 ab
2978 1640 3230 1695 omnibus
3268 1642 3319 1694 in
3344 1641 3621 1708 provincia

2037 1735 2314 1806 episcOpis
2363 1735 2655 1805 deponitur
2708 1744 2893 1803 postea
2940 1748 3240 1804 provocare
3287 1748 3392 1789 non
3438 1747 3620 1803 posse,

2035 1828 2129 1883 sed
2160 1828 2479 1883 sententiam
2502 1836 2694 1881 contra
2714 1841 2835 1883 eum
2856 1826 3018 1882 latam
3049 1827 3259 1880 ﬁrmam
3288 1840 3530 1881 manere.
3553 1826 3623 1880 At

349 1915 519 1967 αὐτοῦ
557 1916 835 1982 ἀπόφασιν
867 1917 1051 1985 μένειν
1083 1917 1333 1987 βεϐαίαν.
1386 1920 1444 1971 Ὀ
1469 1919 1526 1972 δέ
1568 1920 1666 1988 τῆς
1696 1920 1754 1972 ἐν
1788 1921 1927 1991 Σαρ-

2037 1919 2227 1986 synodi
2268 1918 2613 1974 Sardicensis
2656 1927 2888 1987 quartus
2948 1926 3002 1971 et
3047 1917 3274 1987 quintus
3318 1931 3492 1970 canon
3558 1916 3624 1970 li-

347 2005 471 2075 δικῇ
512 2006 732 2059 συνόδου
777 2009 1042 2079 τέταρτος
1091 2010 1186 2062 καὶ
1220 2010 1467 2079 πέμπτος
1528 2012 1712 2063 κανὼν
1744 2012 1932 2066 ἄδειαν

348 2096 534 2149 δίδωσι
575 2098 653 2168 τῷ
688 2099 793 2151 ὑπὸ
836 2098 1060 2153 πάντων
1088 2098 1197 2155 τῶν
1224 2101 1590 2171 ἐπαρχιωτῶν
1615 2105 1932 2157 ἐπισκόπων

349 2187 736 2259 καθαιρεθέντι
798 2191 1088 2261 ὲπισκόπῳ
1121 2191 1501 2255 ἐκκαλεῖσθαι,
1551 2195 1644 2248 καὶ
1698 2193 1804 2247 ὑπὸ
1839 2194 1932 2247 τὸν

351 2278 769 2350 μακαριώτατον
789 2282 885 2353 τῆς
924 2281 1215 2355 Ῥωμαίων
1262 2285 1594 2354 Ἐκκλησίας
1628 2287 1931 2341 ἐπίσκοπον

349 2374 720 2441 καταφεύγειν
787 2376 885 2428 καὶ
940 2377 1078 2447 μηδὲ
1128 2378 1208 2441 είς
1251 2379 1353 2448 τὴν
1396 2381 1707 2449 ἐπισκοπὴν
1761 2378 1931 2433 αὑτοῦ

346 2462 683 2535 ψηφίζεσθαι
738 2464 951 2537 ἕτερον,
1011 2468 1209 2539 μέχρις
1261 2468 1327 2523 ἂν
1382 2469 1410 2521 ὁ
1472 2473 1574 2541 τῆς
1639 2470 1931 2539 Ῥωμαίων

350 2556 648 2619 ἐπίσκοπος
693 2557 762 2610 τὰ
801 2558 894 2627 τῆς
938 2560 1269 2626 ἀποφάσεως
1299 2560 1553 2632 ἐξετάσῃ,
1590 2564 1684 2614 καὶ
1720 2561 1932 2613 τελείαν

351 2649 650 2719 ποιήσηται
690 2649 790 2720 τὴν
824 2650 1118 2720 διάγνωσιν
1138 2668 1150 2682 ’
1181 2652 1277 2706 καὶ
1305 2651 1456 2706 ἔστιν
1503 2655 1536 2722 ἡ
1564 2653 1759 2725 γνώμη
1790 2653 1930 2723 αὓτη

346 2739 665 2814 δικαιοτέρα
694 2743 793 2796 καὶ⁸
829 2742 1342 2817 φιλανθρωπότερα,
1390 2746 1486 2799 καὶ
1517 2744 1806 2817 κρατοῦσα
1836 2744 1931 2799 καὶ

347 2851 462 2889 νυν.

898 2982 909 2992 ,
951 2930 996 2982 Κ
1008 2930 1196 2983 ΑΝΩΝ
1250 2932 1327 2985 Ε’.

353 3037 374 3073 ι
421 3019 487 3073 Εἴ
511 3036 596 3083 τις
640 3017 1015 3091 πρεσϐύτερος
1074 3020 1107 3090 ἢ
1169 3019 1440 3085 διάκονος,
1500 3038 1929 3091 καταφρονησας

418 3130 437 3163 ι
482 3112 579 3166 τοῦ
614 3112 920 3165 ἐπισκόπου
952 3110 1048 3165 τοῦ
1085 3111 1240 3177 ἰδίου,
1280 3110 1560 3181 ἀφώρισεν
1591 3113 1786 3167 ἑαυτὸν
1826 3113 1930 3184 τῆς

421 3221 441 3255 ι
498 3201 851 3272 Ἐκκλησίας,
886 3201 982 3255 καὶ
1018 3201 1124 3272 ἰδίᾳ
1165 3202 1468 3272 συνήγαγε,
1504 3204 1601 3257 καὶ
1632 3203 1929 3277 θυσιαστή-

421 3312 440 3343 ι
494 3309 606 3363 ριον
659 3290 853 3363 ἔπηξε,
898 3292 991 3345 καὶ
1036 3292 1131 3344 τοῦ
1183 3292 1488 3345 ἐπισκόπου
1543 3295 1927 3363 προσκαλεσα-

414 3402 433 3434 ι
483 3386 648 3453 μένου
680 3382 962 3454 ἀπειθοίη,
995 3385 1090 3436 καὶ
1135 3381 1212 3455 μὴ
1265 3381 1512 3454 βούλοιτο
1543 3383 1697 3455 αύτῷ
1740 3385 1928 3439 πείθες

417 3492 437 3528 ι
488 3477 631 3541 σθαι,
679 3474 817 3545 μηδὲ
865 3474 1135 3530 ὑπακούοι
1159 3476 1255 3529 καὶ
1284 3476 1503 3548 πρῶτον
1536 3479 1631 3531 καὶ
1676 3476 1931 3550 δεύτερον

420 3588 439 3620 ι
480 3568 762 3635 καλοῦντι,
816 3568 1006 3623 τοῦτον
1058 3568 1449 3640 καθαιρεῖσθαι
1497 3570 1802 3640 παντελῶς,
1834 3574 1930 3629 καὶ

422 3681 442 3713 ι
493 3664 691 3733 μηκέτι
742 3660 1042 3732 θεραπείας
1094 3663 1412 3731 τυγχάνειν,
1475 3663 1615 3733 μήτε
1662 3663 1929 3723 δύνασθαι

419 3775 440 3808 ι
482 3756 783 3825 λαμϐάνειν
823 3757 922 3825 τὴν
972 3754 1170 3807 ἑαυτοῦ
1200 3756 1396 3824 τιμήν.
1430 3755 1495 3808 Εἰ
1522 3756 1581 3809 δὲ
1612 3757 1929 3826 παραμένοι

412 3866 433 3899 ι
477 3846 726 3919 θορυϐῶν
748 3846 842 3898 καὶ
861 3843 1182 3898 άναστατῶν
1200 3847 1301 3916 τὴν
1342 3844 1697 3914 Ἐκκλησίαν,
1719 3846 1806 3901 διὰ
1830 3846 1929 3915 τῆς

418 3961 435 3993 ι
485 3940 685 4005 ἔξωθεν
735 3937 987 4005 ἐξουσίας
1031 3936 1109 4001 ώς
1158 3937 1433 4009 στασιώδη
1465 3939 1629 3993 αὐτὸν
1669 3939 1928 4010 ἐπιστρὲ-

412 4052 429 4086 ι
476 4033 693 4101 φεσθαι.
731 4049 750 4083 r

424 4126 625 4180 ΒΑΛΣ.
664 4126 744 4180 Τὰ
777 4125 917 4179 αὐτὰ
956 4124 1034 4198 τῷ
1065 4125 1417 4197 ἀποστολικῷ
1440 4125 1520 4179 λα’
1554 4126 1738 4179 κανόνι
1764 4126 1858 4180 καὶ
1900 4130 1928 4180 ό

349 4218 543 4291 παρὼν
600 4215 785 4273 κανὼν
829 4217 1163 4290 διορίζεταισ
1199 4218 1297 4271 καὶ
1333 4218 1570 4290 ἀρκοῦσι
1620 4219 1691 4273 τὰ
1743 4219 1927 4274 ἐκεῖσε

342 4311 652 4381 γραφέντα.
700 4308 1042 4380 Προστίθησι
1074 4307 1131 4361 δὲ
1160 4308 1291 4372 τοὺς
1322 4307 1690 4379 θορυϐοῦντας
1720 4308 1816 4363 καὶ
1850 4308 1926 4381 μὴ

341 4404 685 4474 ἐμμένοντας
736 4404 806 4473 τῇ
842 4402 962 4456 κατ’
1015 4401 1199 4456 αὐτῶν
1224 4401 1525 4471 ἀποφάσει,
1558 4401 1767 4455 ἐντελεί
1789 4401 1927 4455 πάν-

340 4514 450 4558 τως
474 4544 491 4551 ,ν
510 4494 670 4567 οὔσῃ,
736 4496 891 4566 παρὰ
947 4495 1046 4566 τῆς
1101 4492 1433 4565 ἀρχοντικῆς
1486 4493 1736 4559 ἐξουσίας
1796 4510 1926 4547 παισ-

2036 2010 2268 2066 centiam
2302 2011 2579 2067 dederunt
2596 2010 2852 2080 episcopo
2886 2008 2978 2078 qui
3014 2008 3082 2063 ab
3104 2007 3361 2064 omnibus
3398 2007 3619 2077 provin-

2035 2103 2267 2161 cialibus
2305 2104 2594 2173 deponitur
2621 2104 2899 2173 episcopis
2947 2116 3271 2172 provocare,
3315 2110 3373 2155 et
3399 2102 3467 2155 ad
3495 2100 3620 2155 bea-

2039 2197 2307 2250 tissimum
2338 2195 2594 2251 Ecclesiae
2636 2194 2899 2250 Romanae
2934 2195 3253 2265 episcopum
3300 2194 3618 2263 confugere,

2038 2304 2137 2343 nec
2164 2294 2216 2343 in
2247 2291 2623 2359 episcopatum
2653 2287 2770 2358 ejus
2801 2288 2971 2343 alium
3001 2289 3138 2358 elegi
3167 2292 3485 2361 priusquam
3511 2286 3623 2343 Ιίου

2036 2397 2320 2439 manorum
2377 2382 2663 2451 episcopus
2693 2383 3022 2436 sententiam
3090 2379 3512 2445 exaininaverit,
3570 2389 3624 2434 et

2036 2475 2314 2529 decretum
2352 2472 2798 2540 conﬁrmaverit;
2834 2482 2890 2529 et
2930 2473 3046 2529 haec
3090 2472 3310 2543 quidem
3350 2472 3621 2526 sententia

2030 2566 2229 2634 justior
2308 2574 2365 2617 et
2438 2564 2725 2618 immanior
2774 2574 2897 2639 cst,
2946 2571 3002 2616 et
3049 2576 3194 2616 nunc
3257 2561 3425 2614 etiam
3481 2560 3623 2613 obti-

2037 2664 2145 2708 net.

2529 2925 2697 2997 (.33
2729 2924 2959 2981 canon
3006 2924 3069 2980 v.

2042 3034 2063 3066 ι
2094 3016 2149 3071 Si
2176 3015 2297 3085 quis
2320 3027 2619 3086 presnytcr,
2647 3017 2727 3070 vel
2748 3016 3034 3082 diaconus,
3064 3015 3287 3086 proprio
3301 3023 3624 3085 contempto

2113 3127 2131 3160 ι
2174 3110 2455 3180 episcopo,
2490 3109 2557 3163 ab
2588 3108 2831 3163 Ecclesia
2861 3109 3100 3179 seipsum
3132 3107 3501 3179 segregaverit
3524 3148 3540 3175 ,
3570 3120 3623 3163 et

2117 3220 2133 3252 ι
2180 3202 2433 3272 privatim
2487 3202 2967 3273 congregationem
3013 3200 3293 3266 eﬂ'ecerit,
3338 3210 3394 3257 et
3451 3201 3625 3257 altare

2115 3313 2135 3345 ε
2184 3295 2383 3361 ﬁxerit,
2424 3302 2479 3349 et
2511 3297 2769 3363 episcopo
2809 3306 3126 3351 accersente
3168 3310 3274 3348 non
3310 3294 3577 3348 obedierit
3606 3333 3623 3359 ,

2109 3404 2127 3436 ‹
2173 3400 2272 3440 nec
2305 3383 2439 3438 velit
2465 3385 2512 3439 ci
2543 3400 2756 3456 parere,
2804 3400 2903 3441 nec
2936 3400 3141 3439 morem
3173 3385 3407 3456 gesserit
3447 3386 3622 3454 prium

2115 3498 2134 3531 ι
2171 3488 2225 3534 et
2253 3481 2496 3535 secundo
2539 3481 2791 3546 vocanti;
2859 3481 2904 3534 is
2944 3479 3169 3535 omnino
3210 3480 3519 3548 deponitur,
3570 3492 3624 3534 et

2112 3587 2132 3623 ι
2174 3585 2281 3624 non
2327 3570 2563 3639 amplius
2608 3569 2955 3625 curationem
3011 3571 3276 3640 assequi,
3323 3586 3428 3625 nec
3466 3587 3623 3626 suum

2108 3681 2125 3714 ι
2166 3663 2340 3731 possit
2380 3661 2642 3717 honorem
2691 3677 2913 3733 capere.
2970 3662 3029 3719 Si
3078 3673 3261 3718 autem
3307 3675 3627 3734 perseveret

2113 3772 2131 3805 ι
2176 3754 2367 3810 turbas
2403 3759 2460 3807 et
2497 3752 2821 3809 seditionem
2860 3752 2917 3808 in
2960 3753 3203 3810 Ecclesia
3247 3756 3545 3821 concitare,
3580 3756 3623 3810 is

2108 3864 2128 3898 ι
2167 3860 2264 3916 per
2308 3854 2594 3901 externam
2622 3844 2918 3915 potentiam
2957 3855 3016 3899 ut
3049 3846 3345 3902 seditiosus
3388 3847 3621 3917 castige-

2110 3959 2130 3993 ι
2166 3950 2273 3996 tur.

2104 4127 2302 4183 BALS.
2359 4127 2567 4183 Eadem
2617 4140 2741 4182 cum
2799 4142 3012 4183 canone
3070 4129 3372 4196 apertolico
3414 4130 3475 4184 5|
3532 4131 3623 4185 hie

2034 4233 2277 4291 praesens
2308 4233 2481 4273 canon
2512 4219 2792 4284 decernit;
2821 4227 2874 4272 et
2909 4216 3324 4287 sulliciuntquze
3345 4220 3455 4275 illic
3485 4221 3623 4277 scri-

2028 4322 2122 4383 pta
2153 4322 2302 4367 sunt.
2338 4310 2540 4380 Adjicit
2563 4320 2767 4377 autem,
2800 4319 2860 4367 ut
2890 4321 2948 4367 et
2975 4311 3069 4381 qui
3114 4313 3304 4368 turbas
3349 4312 3619 4384 eat-itaut,

2029 4416 2086 4461 et
2128 4406 2708 4474 sententieeyadversus
2748 4420 2844 4462 eos
2878 4405 3034 4472 latae,
3070 4421 3190 4476 quae
3233 4406 3456 4477 quidem
3492 4425 3620 4478 per-

2028 4498 2172 4554 fecta
2229 4482 2338 4565 est,
2397 4513 2504 4557 non
2553 4507 2724 4563 stant,
2759 4512 2855 4568 per
2900 4499 3141 4561 civilium
3196 4502 3617 4570 magistratuum

338 4590 611 4644 δεύεσθαι.
636 4589 798 4642 Ὥστε
814 4587 1250 4658 σημείωσαινὰπδ
1270 4586 1363 4641 τοῦ
1386 4588 1655 4658 παρόντος
1677 4586 1920 4653 κανόνος,

2033 4602 2353 4661 poteSIatem
2403 4590 2766 4661 corrigantur.
2828 4590 3016 4659 Quare
3064 4603 3191 4649 uota
3231 4610 3303 4651 ex
3367 4597 3618 4664 praesenti

341 4681 533 4751 ὥσπερ
580 4683 676 4734 καὶ
718 4680 827 4733 ἀπὸ
855 4679 952 4735 τοῦ
985 4679 1029 4732 θ’
1069 4679 1296 4743 κανόνος
1321 4679 1418 4750 τῆς
1452 4682 1510 4737 ἐν
1541 4678 1620 4749 τῷ
1660 4677 1774 4748 ναῷ
1811 4678 1921 4732 τῶν

353 4772 554 4841 Ἁγίων
590 4771 931 4827 Ἀποστόλων
956 4770 1230 4842 συστάσης
1255 4770 1501 4834 συνόδου,
1526 4770 1609 4825 ὅτι
1632 4771 1918 4840 ἐπιτιμᾷν,

340 4868 402 4919 οὐ
456 4866 561 4939 μὴν
619 4862 935 4936 βασανίζειν
988 4862 1036 4917 οἱ
1094 4862 1390 4917 ἐπίσκοποι
1442 4862 1567 4925 τοὺς
1623 4862 1920 4926 πταίοντας

337 4961 638 5030 ὀφείλουσι.
668 4959 764 5029 Μὴ
796 4957 1162 5028 πειθομένους
1213 4956 1322 5026 γὰρ
1370 4954 1762 5026 παραδώσουσι
1806 4957 1919 5019 τοῖς

339 5055 592 5125 ἄρχουσι.
613 5053 779 5123 Ζήτει
814 5054 913 5121 τῆς
938 5052 995 5105 ἐν
1031 5049 1369 5122 Καρθαγένῃ
1398 5050 1622 5104 συνόδου
1647 5050 1845 5107 κανόνα
1862 5049 1918 5116 ι’,

340 5148 559 5201 συνόδου
608 5143 661 5209 ς’
716 5146 923 5199 κανόνα
948 5141 1052 5209 λα’,
1103 5142 1200 5198 καὶ
1244 5141 1463 5197 συνόδου
1515 5147 1565 5197 α’
1596 5141 1695 5197 καὶ
1727 5141 1770 5212 β’
1816 5158 1920 5196 και

339 5242 467 5295 νόνα
502 5239 591 5309 ιβ’,
628 5237 722 5307 ιγ,
756 5236 819 5290 ιδ’
849 5235 942 5291 καὶ
974 5241 1055 5291 ιε’.
1090 5236 1376 5306 Σκόπησον
1424 5230 1519 5290 οὖν
1565 5235 1766 5306 μήπως
1809 5235 1921 5291 ἀπὸ

336 5333 433 5387 τοῦ
468 5334 738 5405 παρόντος
770 5331 996 5399 κανόνος
1039 5332 1135 5383 καὶ
1177 5328 1228 5382 οἰ
1278 5328 1366 5383 διὰ
1396 5328 1852 5398 πλαστογραφίαν
1886 5327 1917 5397 ἢ

339 5425 671 5481 καθοσίωσιν
726 5425 760 5495 ἢ
797 5422 1104 5495 ἱεροσυλίαν
1134 5420 1167 5490 ἢ
1215 5421 1552 5491 δογματικὴν
1584 5421 1846 5476 ὑπόθεσιν
1884 5421 1917 5492 ἢ

337 5518 507 5589 ἄλλην
535 5516 795 5586 τοιαύτην
818 5514 1005 5569 αἰτίαν
1054 5514 1177 5569 τινὰ
1219 5513 1674 5585 καθαιρούμενα,
1714 5515 1809 5568 κα)⁵
1840 5515 1919 5586 μὴ

338 5610 658 5681 πειθόμενοι
691 5606 987 5678 ἐξαγορίαν
1038 5604 1289 5677 καθαρὰν
1334 5606 1586 5675 ποιῆσαι,
1639 5607 1734 5660 καὶ
1786 5607 1919 5678 περὶ

336 5704 445 5757 τῶν
473 5700 811 5772 συνιστόρων
840 5698 1202 5769 ὁμολογῆσαι,
1252 5698 1640 5768 βασανίζονται
1671 5700 1777 5753 ὑπὸ
1807 5700 1918 5754 τῶν

341 5796 646 5851 πολιτικῶν
693 5791 996 5865 ἀρχόντων.
1048 5789 1285 5861 eum»;
1314 5792 1426 5862 γὰρ
1455 5790 1731 5863 διαφόρως
1756 5791 1916 5849 τοῦτο

338 5897 647 5966 γενόμενον.

2028 4700 2242 4742 canone
2271 4686 2413 4741 sicut
2441 4685 2605 4741 etiam
2638 4700 2703 4740 ex
2744 4684 3023 4757 canone}?
3049 4683 3256 4757 synodi'
3277 4703 3398 4758 qua:
3432 4690 3618 4745 habita

2030 4788 2113 4835 est
2165 4781 2219 4834 in
2281 4779 2398 4835 ede
2458 4776 2878 4847 Apostolorum,
2930 4780 3074 4847 quod
3128 4779 3360 4835 multare
3415 4781 3616 4837 debent

2032 4873 2272 4942 episcopi
2301 4872 2719 4941 delinquentes,
2755 4886 2858 4925 non
2894 4882 3072 4924 autem
3109 4886 3206 4925 eos
3249 4881 3527 4942 torquere.
3562 4872 3621 4930 Si

2029 4965 2174 5020 enim
2207 4979 2313 5019 non
2349 4972 2598 5033 pareant,
2631 4963 2852 5018 tradent
2894 4962 3145 5019 civilibus
3180 4966 3615 5035 magistratibus.

2034 5054 2178 5123 Lege
2203 5063 2258 5108 et
2282 5053 2733 5123 Carthaginensis
2767 5056 2953 5125 synodi
2985 5070 3249 5111 canouem
3283 5055 3373 5123 l0,
3422 5060 3615 5130 synodi

2031 5155 2201 5202 sexta:
2224 5161 2493 5201 canoncm
2532 5145 2593 5200 ὄί
2624 5154 2679 5200 et
2706 5148 2898 5218 synodi
2931 5150 3123 5219 primae
3150 5159 3207 5205 et
3235 5153 3488 5207 secunda:
3521 5169 3618 5209 ca-

2028 5252 2205 5292 nones
2250 5237 2340 5304 li,
2383 5237 2470 5304 l5,
2518 5239 2590 5293 H
2617 5247 2675 5293 et
2704 5239 2792 5295 l5.
2833 5239 3133 5296 Considera
3161 5256 3313 5314 ergo,
3347 5246 3615 5313 numquid

2030 5333 2197 5387 etiam
2242 5347 2309 5386 ex
2339 5332 2596 5399 praesenti
2640 5347 2848 5389 canone
2887 5334 2953 5399 2,
2999 5335 3089 5403 qui
3122 5344 3349 5406 propter
3374 5336 3495 5392 falsi
3532 5340 3616 5392 Vel

2029 5422 2170 5477 laesa:
2219 5421 2518 5492 maiestatis
2557 5424 2639 5477 vel
2683 5425 2955 5495 sacrilegii
2990 5427 3219 5493 crimen,
3263 5428 3347 5483 vel
3386 5444 3610 5486 causam

2026 5517 2093 5570 ad
2152 5515 2431 5589 religionis
2488 5517 2709 5573 decreta
2763 5519 3174 5589 pertinentem,
3228 5516 3313 5575 vel
3366 5522 3608 5593 aliquam

2024 5608 2292 5677 ejusmodi
2324 5624 2577 5675 causam,
2604 5612 2979 5679 deponuntur,
3012 5626 3111 5667 nec
3144 5629 3280 5682 pure
3322 5616 3509 5689 eloqui
3550 5633 3613 5674 ac

2026 5702 2273 5772 proferre
2302 5712 2356 5757 et
2386 5704 2453 5757 de
2503 5704 2738 5759 consciis
2784 5704 2944 5761 fateri
2974 5707 3395 5776 persuadeatur,
3422 5724 3451 5763 a
3482 5712 3616 5766 civi-

2025 5797 2169 5851 libus
2230 5796 2639 5865 magistratibus
2698 5798 2874 5867 pmnis
2936 5798 3327 5870 subjiciuntur.
3394 5801 3612 5859 Scimus

2025 5890 2169 5946 enim
2209 5890 2310 5946 hoc
2334 5890 2485 5946 varie
2515 5890 2655 5945 ticrl.
2722 5930 2725 5935 ν

3488 6010 3511 6036 χ
