4076 6398
443 412 583 481 1295
1612 426 1615 433 ’
1691 413 1977 477 'THEOD.
2024 414 2053 475 Ε

2091 410 2420 476 \LSAMON
3559 410 3701 475 1296

510 530 762 588 ZONAR.
810 533 1010 590 Eadem
1075 544 1200 601 cum
1248 542 1578 590 sanctorum
1632 530 2002 602 apdslolorum
2036 540 2087 595 Α

2179 529 2421 587 ΖΩΝΛΡ.
2449 527 2532 584 Τά
2556 528 2694 583 αὐτὰ
2730 528 2810 600 τῷ
2839 526 2918 584 λα’
2936 528 3120 582 κανόνι
3151 528 3260 582 τῶν
3296 526 3513 597 ’Δγίων
3538 528 3705 584 ’Δπο-

436 641 648 682 canone
680 626 743 680 51
778 627 871 683 bic
893 640 1110 696 quoque
1140 640 1316 703 canon
1346 626 1633 693 decernit;
1669 639 1896 696 quaeque
1941 638 2006 677 eo

2122 620 2326 676 στόλων
2358 621 2455 675 καὶ
2487 622 2515 674 ό
2551 619 2735 675 κανὼν
2763 615 2921 682 οὗτος
2962 619 3290 691 ψηφίζεται,
3319 622 3414 673 καὶ
3454 621 3524 675 τά
3548 623 3703 694 είρηο

436 718 537 774 1οεί
572 717 831 781 diximus,
878 720 945 771 ad
986 718 1147 786 huius
1184 717 1343 772 simul
1404 717 1821 788 explicationem
1865 712 2012 770 solli-

2125 712 2266 782 μένα
2289 714 2408 767 ἐκεῖ
2438 714 2531 766 καὶ
2560 713 2697 782 πρὸς
2724 712 2918 765 τοῦτον
2953 712 3279 783 ἀρκέσουσι.
3326 713 3499 766 Πλέον
3544 714 3601 767 δέ
3645 732 3704 768 τι

435 809 607 862 ciunt.
633 806 900 873 Quiddam
930 821 1058 861 vero
1088 816 1349 874 praeterea
1387 807 1453 861 ad
1486 806 1598 873 illa,
1636 820 1758 875 quae
1799 818 2013 859 canone

2120 804 2217 858 τοῦ
2244 806 2605 860 ἀποστολικοῦ
2638 806 2863 881 κανόνος
2904 799 3062 867 οὗτος
3104 804 3350 870 διέξεισι,
3376 804 3553 873 λέγων
3574 822 3591 839 θ
3637 808 3705 860 El

441 901 741 967 apostolico
796 899 1182 964 continentur,
1231 899 1321 953 hic
1359 913 1535 953 canon
1587 896 1835 969 adjungit
1864 938 1879 963 ,
1926 895 2011 951 di-

2122 895 2180 948 δέ
2206 896 2517 966 παραμένει
2554 895 2802 965 θορυϐῶν
2834 896 2931 950 καὶ
2958 896 3282 949 ἁναστατῶν
3319 896 3418 967 τὴν
3472 895 3706 968 Ἐκκληο

435 1007 603 1048 cens:
645 990 704 1046 Si
739 1007 869 1047 vero
898 992 1162 1046 tumultus
1201 992 1347 1045 ciere
1371 990 1775 1060 Ecclesiamque
1811 990 2013 1045 labefa-

2125 986 2268 1052 σίαν,
2297 986 2386 1040 διὰ
2436 986 2538 1056 τῆς
2561 985 2759 1052 ἔξωθεν
2809 985 3063 1053 ἐξουσίας
3101 987 3178 1051 ὡς
3228 987 3504 1056 στασιώδη
3536 988 3708 1042 αὑτὸν

436 1092 588 1137 ctare
616 1094 831 1153 pergat,
864 1087 1039 1153 ipsum
1075 1082 1143 1136 ab
1172 1090 1394 1136 externa
1422 1090 1690 1150 potestate
1723 1082 1886 1138 veluti
1927 1096 2014 1135 se-

2119 1077 2569 1149 ἐπιστρέφεσθαι·
2602 1079 2660 1131 '0
2683 1077 2770 1131 διὰ
2795 1078 2856 1131 τὸ
2883 1080 3312 1149 παρασυνάγειν,
3336 1081 3489 1149 φησι,
3514 1080 3707 1133 καθαι-

437 1174 692 1229 tlitiosum
720 1173 962 1229 coerceri
989 1173 1183 1242 placet.
1209 1171 1549 1243 Quicunque,
1570 1173 1667 1238 ait,
1685 1173 1754 1227 ob
1778 1187 2015 1227 conven-

2124 1170 2323 1241 ρεθεὶς,
2360 1172 2455 1223 ἐὰν
2493 1171 2592 1241 οὐχ
2623 1170 2913 1240 ἡσυχάζει,
2950 1170 3065 1222 ἀλλ’
3101 1170 3429 1237 ἐπιθορυόεῖ
3474 1173 3566 1225 καὶ
3601 1188 3707 1222 τα-

437 1277 520 1322 tus
556 1268 787 1321 seorsim
829 1267 1045 1321 habitos
1092 1266 1439 1335 depositione
1479 1266 1742 1320 multatus
1792 1264 1918 1330 fuit,
1967 1266 2012 1321 si

2127 1261 2319 1328 ράσσει
2347 1260 2448 1331 τὴν
2483 1260 2810 1331 Ἐκκλησίαν
2830 1301 2842 1324 ,
2874 1260 3194 1314 ἀναστατῶν
3230 1261 3424 1330 αὐτὴν,
3453 1261 3709 1314 τουτέστι

438 1374 543 1413 ιιοη
577 1359 845 1427 quiescat,
888 1358 980 1413 sed
1015 1358 1069 1412 in
1104 1357 1341 1412 Ecclesia
1385 1359 1650 1413 tumultus
1701 1373 1762 1411 ac
1793 1367 2015 1427 pertur-

2124 1352 2408 1423 διεγείρων
2464 1354 2543 1415 εἰς
2599 1354 2839 1416 στάσεις,
2882 1353 2972 1406 διὰ
3019 1356 3118 1423 τῆς
3176 1351 3377 1416 ἔξωθεν
3425 1351 3702 1417 ἐξουσίας,

438 1453 679 1506 nationes
712 1451 934 1515 excitet,
966 1466 1082 1506 eam
1114 1448 1469 1514 labefactans,
1500 1450 1606 1504 hoc
1652 1458 1756 1514 est,
1784 1447 2013 1503 seditio-

2122 1445 2223 1514 τῆς
2247 1445 2528 1512 πολιτικῆς
2550 1445 2771 1514 δηλαδὴ,
2790 1445 2864 1506 ὡς
2886 1446 3212 1514 στασιώδης,
3254 1444 3711 1515 παιδευθήσεται,

439 1558 532 1598 nes
581 1544 635 1597 in
680 1558 741 1597 ca
777 1557 1147 1608 commovens,
1185 1552 1424 1597 externae
1469 1542 1792 1610 potestatis,
1838 1540 2016 1595 civilis

2121 1538 2197 1601 ὡς
2229 1540 2294 1592 ἂν
2339 1538 2646 1610 ἐπιστρέψῃ
2688 1540 2826 1610 πρὸς
2878 1539 3195 1608 μετάνοιαν.
3234 1540 3347 1591 Καὶ
3396 1540 3424 1589 ό
3484 1537 3709 1600 ἐννατος

441 1636 711 1702 nimirum,
740 1637 1084 1699 auctoritate,
1112 1644 1167 1690 ut
1190 1650 1247 1690 se
1272 1637 1337 1689 ad
1365 1635 1741 1705 paenitentiam
1762 1634 2010 1701 recipiat,

2124 1631 2180 1685 δὲ
2234 1632 2412 1685 κανὼν
2496 1632 2597 1700 τῆς
2651 1633 2711 1683 ἐν
2759 1632 3344 1684 Κωνσταντινουπόλει
3426 1630 3709 1698 συστάσης

441 1724 602 1780 veluti
629 1724 948 1780 seditiosum
980 1725 1229 1778 volumus
1288 1721 2014 1777 etnendari..Constantino-

2125 1724 2346 1776 συνόδου
2402 1724 2461 1774 ἐν
2503 1724 2579 1793 τῷ
2630 1722 2742 1794 ναῷ
2796 1724 2905 1776 τῶν
2947 1722 3150 1791 ’Λγίων
3190 1721 3529 1774 Ἀποστόλων
3579 1723 3709 1791 περὶ

441 1816 690 1887 politanae
749 1824 1008 1885 praeterea
1067 1814 1296 1886 synodi,
1341 1816 1393 1867 in
1458 1814 1660 1882 templo
1687 1811 2011 1866 Sanctorum

2122 1819 2231 1872 τῶν
2268 1819 2344 1889 μὴ
2377 1819 2717 1889 πειθομένων
2765 1822 2876 1881 τοῖς
2926 1820 3279 1881 ἐπισκόποις,
3319 1818 3457 1888 μηδέ
3481 1818 3550 1870 δι’
3587 1819 3708 1870 ἐπι-

441 1907 816 1975 Apostolorum
871 1914 1233 1977 congregatae,
1279 1921 1453 1960 nonus
1521 1919 1701 1959 canon
1740 1918 1836 1959 eos
1865 1944 1880 1969 ,
1919 1903 2007 1971 qui
2045 1914 2051 1969 1

2116 1911 2315 1980 τιμίων
2351 1913 2862 1982 σωφρονιζομένων,
2909 1912 3044 1981 φησὶ
3073 1912 3160 1965 διὰ
3190 1912 3303 1963 τῶν
3346 1911 3491 1964 κατά
3517 1911 3712 1981 χώραν

442 2000 707 2071 episcopis
743 2015 849 2054 non
889 2002 1300 2067 obtemperant,
1346 2012 1521 2067 neque
1570 1998 1735 2050 multa
1803 1996 2008 2049 indicta

2120 2002 2398 2070 ἀρχόντων
2440 2003 2637 2064 αὐτοὺς
2666 1999 3129 2072 σωφρονίζεσθαι.
3166 2001 3331 2052 Ὥστε
3368 2000 3711 2068 σημειωτέον

442 2092 787 2162 resipiscunt,
813 2091 1225 2161 magistratuum
1251 2090 1394 2143 illius
1426 2089 1659 2159 regionis
1682 2102 1844 2156 opera
1869 2101 2023 2141 coer-

2119 2095 2215 2145 καὶ
2247 2094 2312 2145 ἐκ
2351 2093 2444 2145 τοῦ
2492 2098 2533 2145 ε’
2564 2092 2760 2145 τούτου
2803 2093 3029 2156 κανόνος
3062 2092 3144 2145 ὅτι
3183 2092 3568 2162 ἀπηγόρευται
3599 2093 3711 2153 τοῖς

441 2184 636 2240 cendos
652 2199 774 2239 esse
790 2185 1054 2240 decernit.
1084 2183 1159 2236 Ex
1178 2198 1283 2252 quo
1307 2182 1438 2237 illud
1464 2196 1527 2236 ex
1550 2182 1649 2237 hoc
1685 2194 1898 2250 quoque
1922 2194 2017 2233 ca-

2120 2181 2441 2245 ἐπισκόποις
2463 2184 2715 2247 κολάζειν
2736 2185 2874 2246 ὅλως
2894 2184 3048 2246 τινάς
3076 2200 3089 2213 ⁸
3116 2183 3418 2251 ἐπιτιμίοις
3440 2184 3498 2235 δέ
3528 2182 3709 2253 μόνοις

443 2291 578 2333 none
615 2277 648 2331 ὅ
676 2278 967 2331 notandum
997 2276 1268 2346 est,fquod
1302 2275 1568 2345 episcopis
1604 2280 1871 2340 potestate
1909 2272 2024 2327 cui-

2124 2275 2482 2344 σωφρονίζειν
2513 2276 2740 2338 αὐτούς·
2777 2277 2875 2329 καὶ
2910 2276 2965 2328 εί
3017 2274 3092 2345 μὴ
3126 2274 3428 2340 πείθοιντο,
3478 2273 3704 2344 παραδι-

443 2382 599 2439 quam
632 2367 900 2438 supplicia
940 2366 1216 2437 irrogandi
1253 2367 1481 2421 omnino
1515 2366 1863 2420 interdictum
1898 2379 2020 2421 est:

1253 2367 1481 2421 omnino
1515 2366 1863 2420 interdictum
1898 2379 2020 2421 est:
2123 2365 2492 2429 δόναιαύτοὺς
2515 2370 2582 2437 τῇ
2613 2367 2856 2439 ἐξουσίᾳ.

445 2460 533 2518 sed
565 2462 633 2516 ab
662 2461 727 2517 iis
755 2460 940 2516 multae
972 2462 1334 2532 impositione,
1367 2462 1461 2532 qui
1497 2462 1880 2531 peccaverint,
1910 2461 2293 2531 corrigendos;
2338 2477 2402 2519 ac
2435 2465 2690 2534 siminus
2740 2464 3045 2534 paruerint,
3113 2463 3467 2519 sacularibus
3529 2459 3700 2529 magi-

445 2561 705 2617 stratibus
739 2576 863 2616 esse
887 2561 1196 2617 tradendos.

446 2656 669 2713 ARIST.
711 2676 729 2710 ι
754 2656 944 2713 Omnis
973 2656 1281 2726 presbyter,
1298 2655 1382 2710 vel
1399 2655 1660 2711 diaconus
1690 2655 1782 2725 qui
1811 2654 2023 2724 episco-

2123 2651 2345 2709 ΑΡΙΣΤ.
2390 2670 2409 2704 t
2454 2652 2570 2716 Πᾶς
2601 2653 2630 2706 ό
2666 2653 2974 2707 ἐπισκόπου
3020 2655 3385 2725 καταφρονῶν
3412 2698 3427 2724 ,
3461 2656 3557 2710 καὶ
3604 2657 3704 2725 ἀφτ

512 2765 533 2801 ι
565 2763 694 2816 pum
729 2748 1054 2811 contemnit,
1089 2757 1145 2800 et
1196 2745 1266 2802 ab
1308 2762 1374 2801 eo
1414 2747 1639 2812 recedit,
1669 2755 1832 2816 atque
1875 2745 2022 2800 aliud

2196 2764 2215 2798 ι
2261 2745 2552 2814 ιστάμενος
2586 2745 3037 2819 πρεσϐύτερος,ἢ
3072 2748 3343 2814 διάκονος,
3376 2750 3471 2802 καὶ
3497 2750 3704 2804 οἰκοδο-

517 2857 536 2890 ι
579 2838 751 2893 altare
793 2837 1044 2901 exstruit,
1097 2837 1141 2891 si
1179 2847 1260 2891 ter
1297 2837 1365 2891 ab
1401 2838 1656 2907 episcopo
1701 2847 1925 2893 vocatus
1968 2838 2020 2892 in

2198 2855 2217 2888 ι
2263 2836 2382 2907 μῶν
2432 2835 2559 2890 ἄλλο
2607 2837 3019 2909 θυσιαστήριον,
3085 2839 3158 2904 εἰ,
3217 2840 3707 2911 προσκαλούμενος

519 2947 541 2980 ι
578 2929 890 2998 arrogantia
922 2929 1188 2998 persistit,
1222 2927 1507 3001 depositus
1534 2932 1637 2996 sit,
1670 2937 1727 2984 et
1774 2928 2019 2984 curatio-

2198 2946 2217 2979 ι
2256 2927 2378 2997 τρὶς
2411 2930 2563 2998 παρά
2592 2928 2685 2980 τοῦ
2721 2928 3046 2995 ἐπισκόπου,
3079 2929 3332 2999 ἐπιμένει
3364 2933 3430 3002 τῇ
3454 2931 3705 3003 ἀπονοίᾳ,

515 3040 541 3074 τ
580 3021 663 3076 nis
689 3035 783 3092 spe
806 3019 1114 3076 destitutus.
1143 3038 1161 3073 ο

2202 3036 2221 3069 ι
2268 3019 2711 3091 καθαιρούμενος
2741 3021 2902 3086 έστω,
2942 3023 3036 3074 καὶ
3068 3020 3471 3092 ἀθεράπευτος.
3502 3042 3521 3074 ι

515 3112 666 3168 Talis
716 3115 1029 3187 episcopum
1080 3113 1375 3185 impietatis
1430 3125 1525 3170 aut
1570 3113 1853 3185 iniustitiae
1903 3130 2010 3171 non

2178 3108 2255 3164 η’(ι
2280 3111 2547 3175 τοιοῦτος,
2606 3113 2774 3182 μηδὲν
2830 3115 3198 3181 κατεγνωκὼς
3252 3116 3347 3167 τοῦ
3396 3117 3707 3172 ἐπισκόπου

449 3206 833 3272 condemnatis,
862 3215 920 3259 ut
949 3206 1258 3260 tricesimus
1293 3206 1503 3276 primus
1541 3217 1856 3262 sanctorum
1888 3222 2022 3277 apo-
2052 3264 2059 3302 ‘

2130 3201 2385 3275 εὐσεϐείᾳ
2433 3204 2529 3257 καὶ
2558 3204 2903 3276 δικαιοσύνῃ,
2948 3206 3023 3269 ὡς
3052 3208 3079 3259 ό
3107 3208 3437 3277 τριακοστὸς
3490 3210 3709 3280 πρῶτος

450 3297 712 3351 ειοιοτιιιιι
742 3311 916 3350 canon
951 3296 1165 3361 statuit,
1194 3301 1286 3350 sed
1318 3298 1570 3367 superbia
1605 3308 1659 3353 et
1680 3297 1823 3353 fastu
1852 3299 2025 3354 elatus
2054 3294 2060 3303 ’

2131 3294 2316 3348 κανὼν
2368 3295 2479 3347 τῶν
2538 3297 2712 3363 ἁγίων
2765 3298 3085 3352 ἀποστόλων
3135 3299 3526 3369 διαλαμϐάνει,
3593 3302 3711 3355 ἀλλ’

449 3398 596 3456 iuxta
634 3388 901 3441 decimum
932 3390 1125 3457 synodi
1155 3388 1601 3460 Carthaginensis
1643 3404 1902 3445 canonem
1927 3430 1941 3455 ,
1982 3392 2027 3447 si

2131 3386 2486 3457 ὑπερηφανίᾳ
2519 3386 2615 3440 καὶ
2661 3387 2816 3457 τύφῳ
2862 3390 3133 3458 ἐπαρθεὶς
3183 3392 3323 3445 κατά
3368 3392 3458 3444 τὸν
3483 3393 3712 3447 δέκατον

450 3479 688 3548 seipsum
709 3480 776 3533 ab
795 3478 1035 3534 Ecclesia
1066 3484 1424 3550 separaverit,
1456 3493 1508 3538 et
1527 3483 1669 3538 aliud
1694 3484 1863 3539 altare
1880 3495 2027 3538 stru-

2130 3477 2331 3530 κανόνα
2355 3477 2453 3545 τῆς
2492 3478 2551 3530 ἐν
2600 3478 2932 3552 Καρθαγένῃ
2965 3481 3209 3547 συνόδου,
3237 3486 3283 3535 εἰ
3330 3484 3579 3554 ἀφώρισε
3612 3485 3712 3555 τῆς

451 3570 621 3633 xerit,
663 3577 718 3623 et
763 3569 1013 3639 populum
1054 3572 1153 3624 sibi
1191 3573 1477 3627 attraxerit
1518 3574 1733 3643 privata
1766 3590 2028 3645 peragens

2142 3564 2472 3636 Ἐκκλησίας
2504 3567 2722 3630 ἑαυτὸν,
2753 3570 2846 3620 καὶ
2873 3569 3267 3643 θυσιαστήριον
3291 3573 3481 3644 ἕτερον
3514 3575 3714 3645 ἔπηξε,

451 3659 844 3724 conventicula,
887 3672 1071 3730 postca
1122 3672 1202 3714 ter
1230 3662 1298 3714 ab
1331 3663 1587 3732 episcopo
1615 3674 1867 3728 vocatus,
1922 3681 2026 3719 non

2131 3657 2226 3710 καὶ
2256 3656 2385 3711 λαὸν
2414 3657 2506 3728 ὑφ’
2526 3658 2723 3711 ἐαυτὸν
2753 3658 3029 3727 εἵλκυσεν,
3066 3662 3205 3726 ίδὶας
3237 3666 3488 3728 συνάξεις
3516 3666 3713 3718 ποιού-

451 3762 655 3802 morem
688 3751 938 3817 gesserit,
965 3751 1059 3805 sed
1092 3752 1147 3804 in
1166 3750 1491 3807 confusione
1519 3754 1801 3818 manserit,
1833 3753 2028 3824 dignus

2134 3764 2316 3820 μενος,
2344 3745 2463 3803 εἷτα
2512 3751 2809 3819 τρισσάκις
2841 3756 2998 3823 παρά
3037 3752 3134 3807 τοῦ
3169 3758 3476 3809 ἐπισκόπου
3507 3759 3712 3812 καλού-

452 3848 533 3893 est
556 3838 645 3907 qui
675 3839 897 3894 omnino
927 3842 1248 3909 deponatur,
1276 3849 1334 3895 et
1368 3857 1474 3897 non
1506 3843 1739 3914 amplius
1765 3853 1947 3914 speret
1969 3859 2029 3898 se

2134 3857 2316 3912 μενος,
2346 3843 2622 3915 ἀπειθοίη,
2650 3844 2745 3898 καὶ
2776 3845 3030 3915 ἐπιμένοι
3060 3850 3124 3918 τῇ
3145 3848 3344 3919 ἀταξίᾳ
3367 3864 3380 3878 ⁸
3411 3851 3564 3913 ἄξιός
3592 3851 3712 3905 ἐστι

453 3930 786 3984 curationem
824 3945 1061 4001 unquam
1099 3941 1472 3988 assecuturum
1504 3942 1560 3988 et
1583 3933 1847 3990 honorem
1871 3949 2027 3989 suum

2131 3933 2413 3997 παντελῶς
2448 3935 2850 4006 καθαιρεῖσθαι,
2886 3938 2980 3991 καὶ
3016 3940 3220 4010 μηκέτι
3267 3940 3516 4005 ἐλπίζειν
3546 3941 3712 4010 θερα-

455 4035 575 4075 rcsu
586 4030 856 4090 uipturutn
867 4060 882 4076 .
2016 4052 2019 4055 ν

2132 4026 2296 4089 πείας
2338 4029 2547 4097 τυχεῖν,
2577 4031 2673 4083 καὶ⁵
2701 4028 2800 4099 τὴν
2842 4031 3040 4084 ἑαυτοῦ
3086 4032 3255 4104 τιμὴν
3309 4033 3709 4091 ἐπαναλαϐεῖν.

941 4111 1122 4185 .437
1159 4110 1388 4170 canon
1427 4112 1519 4170 ενι.

1492 4113 1519 4169 ἱ.
2734 4119 2978 4173 ΚΑΝΩΝ
3010 4120 3102 4188 q'.

461 4223 493 4257 τι
532 4204 588 4261 Si
621 4205 804 4276 quisa
838 4209 1339 4289 proprioepiscOpo
1362 4206 1467 4263 fuit
1492 4208 2027 4275 exeommnnicatus,

2134 4225 2159 4259 4
2200 4206 2271 4262 El’
2298 4225 2384 4273 τις
2409 4209 2516 4263 ὑπὸ
2539 4209 2636 4264 τοῦ
2666 4212 2799 4266 ἰδίου
2855 4213 3160 4268 ἐπισκόπου
3212 4216 3579 4288 ἀκοινώνητος
3614 4221 3710 4289 γέ-

512 4313 543 4349 νι
578 4312 647 4353 ne
677 4301 827 4366 prius
857 4303 924 4354 ab
953 4280 1074 4355 aliis
1101 4301 1430 4371 suscipiatur
1446 4301 1579 4370 (nisi
1609 4315 1640 4355 α
1665 4302 1882 4371 proprio
1905 4315 2031 4357 sus-

2211 4318 2230 4351 t
2275 4316 2425 4368 γονε,
2460 4301 2536 4372 μὴ
2567 4304 2837 4373 πρότερον
2859 4302 3023 4357 αὐτὸν
3054 4306 3184 4376 παρ’
3219 4309 3425 4377 ἐτέρων
3445 4280 3712 4381 δεχθῆναι

504 4409 537 4446 1
580 4404 767 4462 ceptus
793 4391 957 4446 fuerit
985 4392 1264 4463 episcOpo)
1290 4407 1455 4462 quam
1475 4393 1616 4448 facta
1645 4393 1855 4469 synodo
1877 4406 2032 4447 acce-

2211 4411 2231 4446 ι
2279 4393 2351 4463 (εί
2386 4394 2462 4464 μὴ
2493 4394 2586 4448 ὑπ’
2638 4395 2808 4448 αὑτοῦ
2838 4395 3054 4467 δεχθείη
3087 4398 3182 4450 τοῦ
3209 4398 3343 4451 ίδίου
3377 4401 3714 4472 ἐπισκόπου]

525 4501 546 4536 ι
585 4487 718 4539 dens
749 4499 810 4539 se
837 4484 1161 4550 defenderit,
1208 4493 1264 4539 et
1310 4499 1570 4554 persuasa
1600 4484 1828 4555 synodo,
1865 4486 2028 4539 aliam
2132 4508 2133 4511 η

2132 4508 2133 4511 η
2202 4505 2227 4538 -ι
2277 4485 2311 4555 ἢ
2343 4486 2568 4540 συνόδου
2598 4486 2903 4557 γενομένης
2928 4489 3258 4559 ἀπαντήσας
3273 4491 3712 4563 ἀπολογήσεται,

505 4592 541 4627 λι
576 4576 899 4630 sententiam
930 4575 1382 4631 retulerit.'ldem
1413 4585 1593 4629 autem
1621 4578 1896 4631 decretum
1928 4579 2025 4633 ad-
2052 4586 2106 4647 ι)

2211 4595 2231 4631 ι
2278 4578 2478 4642 πείσας
2537 4596 2600 4633 τε
2653 4579 2753 4649 τὴν
2810 4580 3053 4647 σύνοδον,
3107 4583 3458 4648 καταδέξοιτο
3515 4586 3716 4655 ἑτέραν

518 4682 542 4718 ι
577 4680 767 4722 versus
798 4666 967 4721 laicos
987 4667 1427 4736 etapresbyteros
1454 4676 1509 4720 et
1533 4666 1814 4735 diaconos,
1838 4678 1894 4724 et
1920 4685 2034 4725 om-

2198 4688 2233 4722 ~¢
2274 4670 2573 4739 ἀπόφασιν.
2616 4672 2676 4726 '0
2710 4673 2882 4735 αὐτὸς
2939 4673 2996 4726 δὲ
3044 4674 3172 4745 ὅρος
3222 4677 3318 4729 ἐπὶ
3361 4676 3569 4731 λαῖκῶν
3619 4682 3718 4734 καὶ

514 4772 672 4813 «nes
707 4758 796 4826 qui
823 4758 1034 4812 suntin
1065 4758 1196 4813 cieri
1221 4757 1858 4829 catalogo,~observetur.
1882 4778 1915 4811 -ι

2202 4778 2230 4813 ι
2277 4761 2666 4834 πρεσϐυτέρων
2699 4765 2796 4818 καὶ
2836 4763 3108 4818 διακόνων
3134 4768 3229 4820 καὶ
3261 4768 3484 4821 πάντων
3510 4771 3623 4823 τῶν
3654 4774 3716 4826 ἐν

2210 4872 2229 4906 ι
2277 4855 2357 4925 τῷ
2402 4855 2589 4926 κλήρῳ
2620 4856 3074 4926 καταλεγομένων
3102 4860 3398 4928 κρατείτω.
3434 4880 3457 4915 θ

513 4933 724 4991 BALS.
754 4935 829 4990 De
850 4934 953 5001 «iis,
978 4949 1099 5004 quae
1122 4936 1226 4990 hoc
1249 4950 1459 4993 canone
1477 4939 2030 5008 comprehenduntur,

2200 4946 2409 5001 ⁸ΒΑΛΣ.
2445 4948 2581 5018 Περὶ
2614 4948 2722 5003 τῶν
2751 4950 2811 5002 ἐν
2835 4949 2911 5020 τῷ
2935 4951 3131 5005 κανόνι
3167 4951 3344 5023 τούτῳ
3380 4958 3721 5028 περιεχομέ-

459 5028 593 5084 satis
641 5029 963 5097 scripsimus
1001 5028 1054 5081 in
1100 5026 1219 5083 aliis
1252 5028 1484 5085 diversis
1528 5032 1846 5099 canonibus,
1891 5044 1950 5088 et
1977 5034 2031 5088 iu

2133 5056 2241 5093 νων
2277 5040 2480 5104 ἱκανῶς
2511 5040 2837 5111 ἐγράψαμεν
2864 5041 2923 5094 ἐν
2962 5059 3022 5095 τε
3065 5045 3253 5109 ἄλλοις
3282 5047 3475 5101 κανόσι
3515 5026 3716 5120 διαφό-

453 5118 775 5174 duodecimo
802 5129 856 5173 et
888 5120 1046 5174 tertio
1074 5121 1280 5177 decimo
1298 5137 1434 5176 can.
1468 5124 1786 5193 apostolicos

2138 5147 2253 5202 ροις
2288 5132 2382 5184 καὶ
2416 5134 2476 5185 ἐν
2499 5132 2577 5202 τῷ
2614 5132 2681 5204 ιβ’
2714 5134 2810 5187 καὶ
2846 5133 2912 5205 ιγ’
2936 5138 3286 5211 ἀποστολικῷ
3319 5142 3527 5195 κανόνι.

510 5211 780 5267 ιΖΟΝΔΒ.
818 5212 972 5268 Multi
1006 5215 1071 5268 de
1102 5216 1208 5270 hac
1241 5230 1455 5286 quoque
1505 5232 1564 5273 re
1619 5231 1856 5273 canones
1900 5217 2032 5273 editi

2207 5224 2457 5279 ΖΩΝΑΡ.
2507 5225 2617 5278 Καὶ
2646 5227 2780 5297 περὶ
2812 5226 3017 5298 ταύτης
3045 5229 3146 5299 τῆς
3176 5229 3491 5295 ὑποθέσεως
3519 5234 3715 5289 πολλοὶ

455 5316 610 5370 sunt;
640 5322 704 5360 ac
729 5321 823 5373 per
845 5320 929 5371 ea,
964 5324 1081 5376 quae
1116 5311 1165 5361 in
1206 5308 1325 5363 illos
1358 5310 1618 5377 diximus,
1651 5310 1809 5380 hujus
1833 5310 1996 5365 etiam

2132 5315 2452 5382 διετάξαντο
2504 5318 2736 5382 κανόνες
2755 5334 2769 5350 ·
2801 5320 2897 5372 καὶ
2938 5318 2974 5373 ἃ
3000 5320 3225 5392 εἴρηται
3250 5325 3317 5376 ἐν
3346 5325 3582 5390 ἐκείνοις
3613 5331 3713 5382 καὶ

464 5397 1192 5465 explicationisatisfactum
1226 5402 1580 5456 arbitramur.

2134 5409 2216 5470 είς
2243 5407 2342 5479 τὴν
2375 5408 2468 5463 τοῦ
2500 5410 2773 5481 παρόντος
2802 5411 3033 5481 ἀρκοῦσι
3056 5415 3392 5483 σαφήνειαν.

463 5485 686 5542 ΔΒῘΞΤ.
723 5506 742 5540 ι
772 5487 1323 5543 Excomtnutticatutn
1342 5490 1424 5543 ab
1460 5491 1717 5559 episcopo
1766 5492 2031 5549 e!ericunt

2132 5499 2356 5553 ΔΡΙΣΤ.
2406 5519 2426 5552 ι
2474 5502 2579 5554 Τὸν
2607 5502 2973 5572 ἀφορισθέντα
3022 5505 3154 5576 παρ’
3182 5507 3497 5561 ἐπισκόπου
3519 5511 3714 5581 κληριο

532 5580 628 5633 tsi
667 5579 839 5649 major
871 5583 1109 5650 synodus
1140 5582 1465 5649 susceperit,
1514 5584 1603 5636 vel
1632 5585 2035 5642 condemnave-

2215 5610 2235 5643 ι
2278 5592 2394 5658 κὸν,
2433 5594 2529 5646 ἐάν
2563 5593 2764 5663 μείζων
2796 5594 3013 5656 σύνοδος
3049 5597 3481 5671 προσδόξοιτομη
3537 5579 3714 5657 κατα-

526 5689 552 5721 τ
587 5674 677 5735 rit,
708 5674 990 5727 sententia.-
1020 5675 1355 5740 acquiescat.
1399 5691 1421 5726 ι

2215 5700 2234 5733 ι
2279 5684 2508 5753 κρίνειε,
2544 5686 2820 5754 στεργέτω
2845 5684 2943 5756 τὴν
2969 5687 3295 5755 ἀπόφασιν..
3329 5709 3348 5744 ο

530 5759 631 5825 Qui
663 5761 819 5831 ligat,
855 5772 909 5816 et
941 5764 1152 5817 solvere
1203 5774 1399 5833 potest.
1434 5763 1637 5822 Idcirco
1664 5767 1922 5827 clericum
1964 5773 2033 5829 ab

2220 5773 2278 5829 ὀ
2306 5776 2481 5845 δήσας,
2501 5778 2594 5829 καὶ
2623 5778 2773 5843 λύειν
2811 5777 3059 5844 δύναται.
3110 5781 3213 5835 Διά
3264 5783 3429 5839 τοῦτο
3457 5787 3591 5855 γοῦν
3617 5792 3717 5849 τὸν

466 5852 711 5921 episcopo
762 5855 935 5924 poenis
981 5856 1326 5927 subjectum,
1373 5866 1428 5917 et
1472 5873 1866 5933 segregatum,
1920 5881 2027 5921 non

2143 5868 2537 5940 ἐπιτιμηθέντα
2580 5869 2715 5940 παρ’
2760 5870 3064 5927 ἐπισκόπου
3124 5871 3410 5949 κληρικδν,
3458 5852 3554 5935 καὶ
3604 5886 3715 5951 ἀφέ-

2969 5970 3001 5979 ..μ
