4076 6412
362 338 496 401 1997

1373 343 1458 407 IN
1496 342 1666 408 CAN.
1703 347 1853 412 VIII
1891 346 2100 412 CONC.
2133 347 2194 411 II
2215 348 2572 432 ANTIOCE.

3484 344 3627 412 1⁵238

361 456 670 527 σρισθέντα,
714 458 777 514 οὒ
805 459 890 515 δεῖ
921 459 1055 533 παρ’
1080 460 1270 534 ἐτέρου
1297 463 1555 536 δεχθῆναι
1592 466 1669 530 ὡς
1698 467 1947 521 ἀνεπιτί-

2053 480 2265 541 oportet
2291 471 2360 527 ab
2391 471 2500 526 alio
2548 477 2609 525 ut
2654 466 2991 539 inculpatum
3047 464 3281 538 admitti,
3317 467 3421 524 nisi
3465 469 3629 526 abeo

366 568 561 622 μητον,
597 554 648 605 εἰ
673 552 751 623 μὴ
781 554 913 625 παρ’
949 555 1119 610 αὑτοῦ
1144 555 1279 629 λυθῇ
1313 557 1410 611 τοῦ
1434 559 1835 631 δεσμήσαντος.
1873 561 1937 614 Εἰ

360 642 415 694 δὲ
440 642 660 707 σύνοδος
683 644 777 714 τδν
802 644 1171 718 ἀφορισθέντα
1193 648 1464 716 ἐξετάσοι,
1490 651 1586 706 καί
1610 653 1940 723 παραλόγως

367 734 520 805 εὖροι
580 736 675 791 τὸν
719 737 1027 809 ἀφορισμδν
1055 742 1433 813 ἐπενεχθέντα,
1492 744 1717 799 δύναται
1743 747 1808 800 τὸ
1838 765 1941 801 κα-

363 829 473 893 κῶς
500 829 799 901 γενόμενον
854 832 1225 901 διορθοῦσθαι,
1272 837 1371 890 καὶ
1426 836 1577 893 λύειν
1622 839 1810 907 αὑτὸν,
1844 841 1942 896 καὶ

361 919 394 990 ἠ
421 920 552 991 περί
573 921 772 977 τούτου
803 924 1082 994 ἀπόφασις
1135 928 1291 998 μένει
1319 928 1541 1000 βεϐαία.

957 1038 1203 1093 ΚΑΝΩΝ
1263 1042 1339 1097 Z‘.

366 1140 386 1173 ι
431 1121 660 1192 Μηδένα
709 1125 841 1179 ἄνευ
898 1128 1194 1200 εἰρηνικῶν
1231 1132 1485 1203 δέχεσθαι
1518 1133 1627 1189 τῶν
1671 1134 1859 1203 ξένων.
1910 1153 1931 1189 ι

354 1244 355 1247 η
432 1214 633 1270 ΒΑΛΣ.
675 1218 767 1270 Ἐν
798 1216 877 1287 τῷ
900 1219 993 1288 λγθ
1012 1220 1365 1294 ἀποστολικῷ
1391 1226 1579 1281 κανόνι
1615 1226 1712 1281 καὶ
1762 1229 1842 1298 τῷ
1871 1234 1944 1294 ις’

360 1307 462 1377 τῆς
491 1307 551 1361 ἐν
575 1309 881 1381 Χαλκηδόνι
913 1312 1135 1367 συνόδου
1166 1315 1539 1389 διελήφθησαν
1572 1320 1643 1373 τὰ
1674 1304 1806 1393 περὶ
1834 1320 1945 1376 τῶν

362 1402 661 1471 εἰρηνικῶν
696 1402 792 1456 καὶ
825 1402 934 1457 τῶν
977 1408 1328 1462 συστατικῶν
1352 1410 1679 1478 ἐπιστολῶν,
1734 1412 1829 1467 καί
1861 1414 1945 1466 δτι

361 1493 511 1559 ξένοι
534 1492 673 1547 εἰσὶν
699 1495 751 1547 οἰ
781 1496 888 1549 ἀπὸ
916 1497 1124 1567 ἐτέρων
1148 1499 1376 1571 ἐνοριῶν
1404 1501 1745 1575 ὁρμώμενοι.
1789 1504 1947 1560 Ἀνά-

362 1586 531 1654 γνωθι
568 1582 664 1640 οὖν
690 1587 760 1641 τὰ
791 1589 849 1641 ἐν
875 1590 1107 1654 ἐκείνοις
1140 1593 1447 1662 γραφέντα.

431 1676 681 1733 ΖΩΝΑΡ.
709 1679 938 1749 Εἴρηται
979 1681 1038 1733 ἐν
1061 1684 1249 1736 κανόνι
1285 1680 1487 1749 ια”τῆς
1515 1687 1786 1759 τετάρτης
1811 1707 1941 1742 συν-

2041 565 2143 633 qui
2166 563 2375 635 ligavit,
2415 564 2488 618 sit
2532 561 2836 618 absolutus.
2870 559 2928 616 Si
2956 561 3197 631 synodus
3244 569 3426 617 autem
3458 561 3629 631 depo-

2024 658 2210 712 ‘situm
2263 654 2680 716 examinaverit,
2746 661 2802 709 et
2874 650 3309 723 segregationem
3360 650 3630 707 invenerit

2043 756 2242 820 praeter
2294 746 2563 802 rationem
2618 744 2857 810 illatam,
2917 743 3063 812 quod
3119 741 3262 796 male
3308 740 3513 797 factum
3543 751 3631 798 est

2044 839 2339 895 emendare
2365 843 2566 908 potest,
2595 844 2652 892 et
2674 851 2800 893 eum
2830 836 3067 900 solvere,
3095 841 3151 891 et
3174 833 3447 891 sententia
3477 835 3630 892 deos

2046 930 2200 987 ﬁrma
2227 938 2431 988 manet.

2635 1042 2868 1101 CA’NON
2918 1044 3035 1101 VII;

2148 1153 2169 1211 ι
2204 1134 2397 1192 Nullus
2428 1146 2688 1194 externus
2718 1139 2837 1193 sine
2869 1136 3107 1206 pacificis
3133 1136 3479 1206 suscipiatur.
3510 1154 3531 1189 ι

2116 1224 2316 1281 BALS.
2350 1225 2408 1280 In
2467 1227 2746 1282 tricesimo
2783 1228 2945 1283 tertio
2972 1242 3185 1283 canone
3233 1225 3550 1297 apostolico,
3576 1232 3634 1281 et

2048 1318 2261 1375 decimo
2320 1329 2476 1375 sexto
2527 1319 2994 1375 Chalcedcnensis
3046 1320 3238 1391 synodi
3282 1318 3348 1373 de
3380 1317 3625 1387 paciﬁcis

2050 1421 2345 1468 tractatum
2373 1422 2457 1468 est
2484 1424 2539 1469 et
2570 1411 3051 1468 commendatoriis
3080 1411 3349 1482 epistolis,
3389 1418 3443 1467 et
3489 1408 3634 1478 quod

2051 1502 2086 1560 ii
2136 1514 2266 1561 sunt
2326 1505 2561 1572 externi,
2612 1505 2707 1574 qui
2744 1505 2813 1560 ab
2852 1504 2973 1559 aliis
3007 1502 3338 1559 dioecesibus
3386 1499 3633 1557 veniunt.

2048 1596 2190 1663 Lege
2221 1614 2352 1668 ergo
2382 1614 2503 1669 quae
2538 1599 2594 1653 in
2625 1597 2729 1654 illis
2753 1597 2954 1668 scripta
2983 1607 3132 1652 sunt.

2119 1688 2374 1745 ZONAR.
2410 1690 2672 1757 Quaenam
2714 1687 2825 1743 sint
2870 1686 3113 1757 epismlte
3158 1689 3420 1759 paciﬁcos,
3452 1702 3640 1759 quaeve

363 1768 489 1821 ὁδου
524 1768 668 1832 τίνες
718 1771 863 1823 εἰσὶν
903 1772 1183 1844 εἰρηνικαὶ
1219 1777 1527 1845 ἐπιστολαὶ,
1559 1779 1821 1843 καὶτίνες
1845 1797 1941 1834 συ-

2053 1784 2525 1850 commendatitiaz,
2576 1782 2867 1839 undecimo
2942 1796 3152 1841 canone
3206 1794 3412 1853 quartae
3443 1784 3638 1854 synodi

314 1858 640 1957 1,στατικαῆ
674 1857 882 1925 Ξένους
920 1858 1027 1916 οὖν
1064 1865 1302 1920 ἐνταῦθα
1352 1868 1474 1937 οὗχί
1501 1871 1630 1933 τοὺς
1677 1871 1943 1940 τυχόντας

363 1947 534 2018 λέγει,
568 1950 697 2014 τοὺς
730 1951 790 2016 ἐξ
834 1952 1004 2024 ἄλλης
1036 1953 1220 2025 χώρας
1258 1956 1390 2023 ἴσως
1422 1960 1517 2034 εἰς,
1538 1960 1705 2033 ἄλλην
1752 1963 1944 2033 ἐπιδη-

367 2041 625 2111 μοῦντας,
658 2042 796 2096 ἀλλὰ
827 2048 958 2109 τοὺς
988 2046 1286 2118 κληρικοὺς
1335 2050 1464 2115 τοὺς
1498 2052 1607 2107 ἀπὸ
1654 2052 1825 2124 ἄλλης
1850 2055 1946 2109 ἐκ·

368 2132 597 2203 κλησίας
655 2137 737 2199 εἰς
784 2137 953 2208 ἄλλην
982 2139 1246 2205 ἀπιόντας
1266 2155 1283 2173 ⁸
1314 2142 1411 2208 οὓς
1442 2145 1538 2198 καὶ
1591 2145 1668 2216 μὴ
1694 2147 1947 2217 δέχεσθαι

366 2229 517 2300 παρὰ
539 2228 651 2283 τῶν
680 2230 1046 2302 προεστώτων
1073 2233 1183 2287 τῶν
1214 2235 1549 2307 ἐκκλησιῶν,
1580 2240 1639 2293 ἐν
1663 2235 1753 2305 αἷς
1782 2241 1948 2295 ἀπία-

368 2338 476 2386 σιν,
512 2323 541 2375 ό
569 2327 755 2376 κανὼν
790 2325 1170 2396 ἐγκελεύεται,
1201 2332 1251 2384 εἰ
1285 2330 1360 2401 μὴ
1393 2332 1677 2403 εἰρηνικὰς
1721 2336 1949 2389 ἐπιστο-

369 2412 463 2474 λὰς
489 2414 846 2484 ἐπιφέρονται
880 2416 991 2471 τῶν
1038 2420 1402 2485 προεστώτων
1448 2423 1559 2478 τῶν
1608 2424 1945 2496 ἐκκλησιῶν,

364 2503 425 2569 ἐξ
456 2501 533 2559 ὧν
564 2506 957 2579 ὑπεχώρησαν.
1007 2508 1065 2565 '0
1094 2512 1151 2566 δὲ
1178 2512 1259 2582 λγ’
1284 2515 1395 2569 τῶν
1423 2516 1742 2571 ἀποστόλων
1767 2518 1948 2571 κανὼν

366 2596 709 2668 σαφέστερον
740 2599 801 2652 τὸ
851 2599 963 2655 τῶν
999 2599 1168 2667 ξένων
1200 2606 1358 2676 φησὶ,
1389 2606 1566 2676 λέγων
1605 2608 1811 2679 μηδένα
1838 2609 1948 2663 τῶν

367 2691 539 2755 ξένων
566 2692 955 2763 πρεσϐυτέρων
997 2698 1093 2751 καὶ
1119 2697 1388 2754 διακόνων
1417 2700 1449 2770 ἢ
1490 2703 1611 2755 καὶτ
1628 2702 1951 2757 ἐπισκόπων

370 2782 502 2835 ἄνευ
540 2784 889 2839 συστατικῶν
917 2787 1225 2844 ἐπιστολῶν
1254 2789 1673 2862 προσδέχεσθαι.
1729 2788 1953 2858 Ξενίζε-

365 2875 491 2931 σθαι
528 2877 627 2947 μὲν
652 2878 760 2951 γὰρ
785 2880 986 2944 αὐτοὺς
1015 2882 1045 2934 ὁ
1090 2881 1293 2948 κανὼν,
1321 2884 1423 2936 καὶ
1469 2884 1826 2953 χορηγεῖσθαι
1854 2884 1954 2937 αὐ-

365 2970 493 3032 τοὺς
518 2970 588 3023 τὰ
615 2971 755 3040 πρὸς
778 2973 878 3042 τὴν
909 2973 1104 3043 χρείαν
1134 2974 1290 3043 παρὰ
1325 2973 1458 3039 τῶν,
1490 2974 1629 3045 πρὸς
1648 2973 1743 3038 οὓς
1769 2976 1952 3044 ἀπῆλ-

367 3054 480 3127 θον,
539 3063 870 3132 ἐπιτρέπειο
925 3064 1185 3137 δέχεσθαι
1235 3064 1295 3119 δὲ
1371 3066 1452 3130 εἰς
1500 3066 1789 3123 κοινωνίαν
1838 3068 1952 3122 ὰπ-

365 3155 647 3221 αγορεύει.

366 3246 595 3303 ΑΡΙΣΤ.
655 3265 675 3300 ι
732 3247 795 3303 '0
828 3248 1002 3317 ξένος,
1028 3249 1311 3321 εἰρηνικὰς
1338 3251 1632 3320 ἐπιστολὰς
1660 3253 1955 3326 οὒμπροσά-

763 3361 814 3405 ,ι
859 3360 998 3411 γων,
1059 3343 1458 3414 ἀπρόσδεκτος.
1498 3363 1519 3398 ι

447 3431 538 3486 Ἐν
589 3434 810 3497 πολλοῖς
860 3437 1081 3507 εἴρηται
1134 3436 1329 3491 κανόσι
1379 3438 1479 3493 καὶ
1526 3438 1709 3505 τοῦτο,
1767 3439 1829 3496 τὸ
1876 3440 1952 3514 μὴ

364 3522 491 3586 τοὺς
521 3524 1058 3599 ξενοχειροτονήτους
1089 3528 1493 3599 προσδέχεσθαι
1518 3528 1649 3584 ἄνευ
1680 3531 1954 3601 γραμμαὶ

364 3634 475 3669 των
502 3616 599 3672 τοῦ
631 3618 937 3673 ἐπισκόπου
971 3620 1107 3692 παρ’
1146 3614 1208 3675 οὗ
1235 3621 1335 3690 τὴν
1368 3621 1716 3693 χειροτονίαν
1769 3621 1951 3678 ἀνεδέ-

367 3708 548 3774 ξαντο.

976 3805 1220 3859 ΚΑΝΩΝ
1261 3808 1347 3864 Η’.

373 3938 393 3987 ι
437 3918 592 3990 Μηδὲ
630 3917 1046 3989 πρεσϐυτέρους
1075 3918 1204 3983 τοὺς
1231 3921 1290 3972 ἐν
1317 3920 1440 3982 ταῖς
1470 3920 1682 3991 χώραις
1731 3936 1954 3975 κανονι-

444 4028 471 4063 ιν
512 4012 619 4076 κάς
646 4010 939 4074 ἐπιστολὰς
971 4002 1260 4083 δίδόναι,,ἢ
1298 4014 1437 4081 πρὸς
1468 4008 1818 4081 μόνουςτοὺς
1849 4012 1959 4081 γεί-

451 4122 477 4156 σν
515 4121 677 4166 τονας
707 4102 1046 4167 ἐπισκόπους
1092 4103 1389 4168 ἐπιστολὰς
1420 4104 1734 4173 ἐκπέμπειν
1759 4117 1776 4134 ⁸
1826 4103 1956 4166 τοὺς

443 4215 473 4248 ι.
508 4196 564 4250 δέ
617 4196 1026 4267 ἀνεπιλήπτους
1070 4196 1530 4268 χωρεπισκόπους
1584 4195 1698 4268 (46)
1748 4194 1955 4251 διδόναι

438 4305 458 4339 ι
505 4288 813 4358 εἰρηνικάς.
861 4306 880 4340 ι

440 4380 639 4433 ΒΑΛΣ.
675 4379 927 4449 Ἔμαθες
956 4381 1102 4445 τίνες
1128 4381 1268 4435 εἰσὶν
1299 4380 1576 4453 εἰρηνικαὶ
1601 4380 1719 4452 ἤτοι
1752 4380 1957 4437 ἀπολυ-

2053 1875 2188 1930 satis
2233 1875 2641 1945 explicavimus.
2689 1870 2958 1933 Externos
3005 1890 3168 1947 porro
3206 1875 3308 1930 hoc
3358 1875 3497 1939 loco,
3532 1890 3636 1929 non

2051 1982 2261 2034 omnes,
2297 1969 2391 2037 qui
2428 1984 2493 2023 ex
2536 1968 2639 2023 alia
2669 1969 2886 2040 regione
2918 1969 2972 2023 in
3001 1967 3161 2022 aliam
3191 1966 3330 2022 forte
3361 1981 3421 2022 se
3449 1964 3638 2021 confe-

2053 2067 2200 2123 runt,
2229 2059 2325 2114 sed
2357 2058 2605 2124 clericos,
2633 2060 2724 2130 qui
2756 2074 2821 2116 ex
2862 2060 2967 2115 alia
3020 2058 3074 2115 in
3131 2058 3291 2112 aliam
3349 2057 3637 2113 ecclesiam

2052 2150 2492 2220 proficiscuntur,
2524 2150 2806 2220 intelligit;
2844 2165 2983 2221 quos
3004 2150 3221 2221 quidem
3253 2164 3283 2204 a
3312 2147 3639 2220 praesulibus

2053 2244 2430 2311 ecclesiarum,
2464 2244 2527 2301 ad
2558 2260 2694 2315 quas
2726 2258 2785 2299 se
2811 2243 3120 2325 conferunt,
3172 2243 3276 2298 nisi
3311 2258 3340 2297 a
3366 2240 3639 2311 praefectis

2050 2326 2432 2402 ecclesiarum,
2481 2353 2511 2392 a
2543 2337 2739 2406 quibus
2763 2336 3090 2403 discessere,
3137 2335 3394 2406 pacilicas
3435 2335 3641 2404 episto-

2056 2429 2139 2486 las
2172 2429 2421 2496 afferant,
2452 2429 2540 2486 hic
2566 2445 2741 2486 canon
2792 2429 3003 2485 admitti
3051 2438 3222 2489 vetat.
3253 2426 3479 2483 Externi
3510 2439 3643 2481 vero

2058 2521 2151 2591 qui
2183 2522 2316 2587 sint,
2342 2521 2615 2576 tricesimo
2652 2522 2811 2578 tertio
2833 2520 3214 2591 Apostolorum
3243 2533 3453 2574 canone
3481 2531 3641 2586 aper-

2060 2614 2168 2669 tius
2196 2613 2471 2668 indicatur
2496 2629 2512 2667 :
2553 2612 2631 2667 Ne
2658 2627 2846 2682 quem,
2875 2613 3076 2681 inquit,
3125 2618 3407 2667 externum
3432 2609 3647 2676 episco-

2058 2719 2211 2777 pum,
2235 2713 2328 2758 aut
2355 2702 2759 2775 presbyterum,
2787 2711 2881 2757 aut
2906 2703 3194 2757 diaconum
3222 2700 3343 2755 sine
3366 2712 3645 2755 commen-

2060 2797 2269 2853 datitiis
2298 2795 2498 2851 litteris
2526 2794 2691 2865 recipi
2719 2794 2904 2850 liceat.
2930 2793 3065 2848 Nam
3091 2792 3387 2863 quominus
3407 2789 3645 2859 hospitio

2060 2888 2425 2957 excipiantur,
2457 2887 2875 2955 necessariaque
2907 2884 2977 2939 ad
3004 2884 3128 2939 vitae
3157 2894 3292 2938 usus
3332 2882 3400 2937 ab
3440 2882 3531 2947 iis,
3576 2880 3645 2936 ad
3686 2898 3689 2901 '

2060 2995 2200 3051 quos
2226 2993 2286 3035 se
2316 2978 2621 3043 contulere,
2678 2978 3117 3048 suppeditentur,
3151 2977 3294 3031 haud
3339 2976 3597 3047 prohibet
3626 2991 3646 3030 :

2063 3073 2129 3127 ad
2160 3069 2598 3129 communionem
2628 3083 2760 3126 vero
2789 3070 2939 3141 ipsos
2961 3068 3174 3124 admitti
3212 3082 3385 3124 canem
3422 3067 3648 3123 omnino

1981 3163 2025 3223 α
2059 3170 2225 3218 vetat.

2056 3253 2287 3310 ARIST.
2314 3271 2335 3308 ι
2368 3253 2696 3325 Peregrinus
2745 3254 3006 3325 pacificos
3035 3268 3141 3310 non
3176 3254 3410 3311 an‘erens
3444 3253 3649 3324 episto-

2415 3366 2434 3399 ι
2461 3348 2565 3411 las,
2592 3362 2708 3403 non
2742 3356 2825 3403 est
2852 3347 3249 3418 suscipiendus.
3280 3365 3299 3401 ι

2052 3516 2055 3517 ν
2125 3439 2303 3496 Etiam
2338 3440 2392 3495 in
2424 3439 2678 3509 plurimis
2708 3440 3015 3496 canonibus
3043 3440 3147 3496 hoc
3196 3439 3419 3502 dicitur,
3454 3451 3650 3506 nempe

2062 3548 2159 3591 eos
2216 3534 2311 3605 qui
2368 3531 2503 3588 alibi
2565 3532 2914 3597 ordinantur,
2963 3546 3073 3587 non
3125 3532 3493 3586 admittendos
3526 3544 3651 3585 esse

2056 3622 2175 3678 sine
2227 3619 2466 3692 episcopi
2515 3634 2544 3675 a
2599 3635 2709 3691 quo
2739 3622 3139 3679 ordinationem
3196 3628 3529 3692 acceperunt
3555 3619 3650 3675 lit-

2059 3715 2214 3772 teris.

2639 3803 2872 3863 CANON
2915 3803 3053 3861 Vill.

2064 3938 2084 3974 ι
2123 3920 2237 3977 Nec
2281 3919 2591 3992 presbyteri
2649 3918 2741 3988 qui
2773 3928 2899 3973 sunt
2939 3917 2991 3971 in
3035 3914 3347 3987 regionibus
3374 3914 3506 3969 dent
3562 3931 3650 3970 ca-

2145 4031 2165 4065 ι
2200 4012 2425 4067 nonicas
2454 4010 2733 4081 epistolas,
2763 4009 2847 4063 vel
2883 4010 2949 4063 ad
2998 4008 3144 4063 solos
3191 4007 3400 4063 vicinos
3426 4007 3651 4078 cpisco-

2142 4125 2169 4159 ι
2198 4121 2296 4176 pos
2341 4105 2599 4175 epistolas
2651 4106 2901 4160 emittant
2940 4120 2954 4158 :
3000 4102 3382 4172 chorepiscopi
3434 4112 3643 4169 autem,

2136 4218 2158 4256 ι
2199 4200 2330 4257 nulli
2364 4199 2771 4271 reprehensioni
2800 4198 2993 4255 afﬁnes
3022 4198 3155 4253 dent
3179 4197 3459 4266 paciﬁcos.
3495 4215 3519 4250 ι

2129 4382 2329 4440 BALS.
2359 4380 2605 4437 Didicisti
2635 4395 2882 4451 quaenam
2906 4388 3034 4436 sunt
3068 4373 3307 4450 paciﬁcos
3342 4379 3425 4435 vel
3454 4380 3649 4436 dimis-

367 4474 527 4527 τικαὶ
558 4474 872 4539 ἐπιστολαὶ,
910 4476 1008 4529 καί
1043 4475 1191 4539 τίνες
1229 4476 1581 4541 συστατικαί,
1632 4475 1691 4529 αἰ
1721 4473 1947 4544 λεγόμε-

2061 4473 2221 4530 sorite
2275 4471 2541 4543 epistolae,
2593 4480 2647 4527 et
2700 4486 2948 4541 quaenam
2988 4478 3133 4527 sunt:
3165 4472 3646 4536 commendatitim,

369 4582 459 4617 ναι
492 4566 587 4619 καὶ
620 4565 929 4619 κανονικαί.
973 4566 1129 4619 Ἐπεὶ
1176 4566 1234 4620 δέ
1266 4584 1411 4630 τινες
1436 4567 1760 4621 διετείνοντο
1789 4563 1954 4621 δύνα-

2060 4581 2183 4636 quae
2235 4565 2489 4620 dicuntur
2534 4570 2590 4617 et
2638 4562 2938 4619 canonicae.
2984 4562 3120 4633 Quia
3164 4571 3345 4617 autem
3402 4562 3646 4617 nonnulli

367 4654 495 4707 ’σθαι
538 4658 666 4720 τοὺς
708 4659 769 4711 ἐν
799 4660 921 4720 ταῖς
966 4658 1175 4730 χώραις
1202 4659 1637 4731 πρεσϐυτέρους,
1670 4661 1791 4732 ἤτοι
1820 4663 1947 4727 τοὺς

2061 4656 2400 4722 asserebant,
2458 4654 2826 4725 presbyteros,
2877 4652 2968 4722 qui
3032 4661 3159 4707 sunt
3223 4652 3278 4706 in
3336 4652 3650 4722 regionibus

369 4747 841 4814 πρωτοπαπάδας,
884 4748 1087 4803 διδόναι
1133 4750 1421 4821 εἰρηνικὰς
1473 4752 1790 4819 ἐπιστολὰς,
1844 4755 1947 4809 κᾶν

2061 4763 2159 4805 seu
2186 4756 2536 4817 protopapas,
2564 4745 2694 4801 dare
2715 4759 2874 4815 posse
2896 4744 3153 4813 epistolas
3184 4743 3463 4813 paciﬁcas,
3483 4745 3647 4797 etiam

369 4837 507 4907 πρὸς
538 4842 662 4903 τοὺς
693 4840 943 4905 γείτονας
973 4841 1334 4910 ἐπισκόπους,
1365 4843 1454 4897 διὰ
1484 4842 1545 4898 τὸ
1580 4845 1658 4916 μὴ
1694 4846 1947 4917 μετέχειν

2060 4840 2127 4894 ad
2153 4839 2363 4893 vicinos
2407 4837 2727 4907 episcopos;
2758 4851 2824 4891 eo
2852 4837 2999 4905 quod
3055 4835 3157 4906 ipsi
3218 4850 3326 4889 non
3388 4835 3652 4890 haberent

368 4927 571 4993 αὐτοὺς
622 4931 835 4984 δικαίου
891 4932 1040 4996 τινδς
1094 4934 1463 5004 χειροτονίας,
1488 4935 1605 4988 ἀλλ’
1662 4936 1947 5002 εὐσεϐείας

2053 4929 2139 5000 jus
2162 4928 2380 4999 aliquod
2404 4927 2785 4995 ordinationis,
2812 4928 2907 4982 sed
2942 4926 3161 4996 pietatis
3217 4935 3273 4981 et
3319 4926 3648 4983 Christiana:

371 5020 465 5072 καὶ
518 5022 914 5094 Χριστιανικῆς
966 5024 1291 5089 κοινωνίαςο
1338 5025 1551 5098 ὥρισαν
1609 5028 1659 5081 οἰ
1707 5027 1947 5098 Πατέρες

2056 5022 2460 5079 communionis
2486 5028 2825 5077 :statuerunt
2847 5019 3151 5077 Patreseas
3181 5035 3403 5091 quoque
3431 5020 3565 5075 dare
3590 5019 3646 5074 in

368 5113 465 5166 καὶ
498 5115 706 5182 ταύτας
740 5117 898 5191 παρὰ
930 5118 1069 5190 μόνῃ
1101 5120 1169 5191 τῇ
1202 5120 1538 5191 ἐπισκοπικῇ
1568 5118 1787 5191 ἐξουσίᾳ
1812 5119 1947 5185 ἀνα-

2058 5116 2227 5173 solius
2267 5113 2507 5184 episcopi
2541 5122 2814 5184 pote-State
2834 5126 2955 5170 esse
2991 5113 3363 5186 situm.4.38
3387 5111 3650 5184 Chorepi-

1591 5252 1782 5328 Guill.
1816 5252 2143 5332 Beveregii
2172 5256 2365 5315 notas.

445 5382 558 5455 (46)
607 5381 757 5455 Τοὺς
802 5380 873 5435 δὲ
916 5378 1375 5455 ἀνεπιλήπτους
1426 5379 1947 5455 χωρεπιρνκόπους.

2054 5377 2147 5448 qui
2179 5394 2332 5455 nunc
2407 5386 2669 5455 uocantur
2729 5375 2971 5455 exure/gi,
3020 5377 3129 5432 sive
3174 5375 3249 5455 uti
3281 5373 3645 5455 patriarch‘am

384 5447 828 5521 Hartnenopolus
854 5463 1028 5521 tntum
1064 5447 1210 5505 hunc
1254 5447 1522 5503 canmtem
1551 5451 1603 5521 iu
1640 5448 1782 5505 hanc
1818 5449 1950 5521 Epi-
2054 5447 2385 5521 pertineant,
2413 5449 2521 5521 sine
2546 5450 2615 5521 qd
2639 5447 3135 5521 metrOpolt‘tnnunz.
3165 5447 3412 5521 Alterum
3451 5454 3635 5500 autem

371 5533 553 5579 tamen
579 5514 818 5585 redegit:
844 5520 1313 5591 Χωρεπισκόπους
1339 5518 1633 5591 κανονικὰς
1662 5514 1947 5591 ἐπιστολὰς

2053 5514 2135 5574 sic
2164 5533 2224 5573 se
2254 5520 2417 5591 habet
2436 5536 2450 5573 :
2470 5519 2531 5574 Ὀ
2554 5519 2609 5591 δέ
2628 5519 2690 5591 ιδέ
2721 5514 2822 5588 τῆς
2841 5517 3026 5591 1ορδέ
3060 5514 3421 5591 ἀναγνώστας
3462 5532 3641 5591 χειρο-

374 5594 587 5657 διδότω,
621 5588 1036 5659 Cltorepiscopus
1075 5592 1359 5659 canonica;
1390 5590 1641 5658 epistolas
1684 5590 1849 5659 dato,
1858 5588 1947 5659 cui

2053 5591 2230 5659 1_ovei'v
2263 5589 2501 5650 δίδωσιν,
2547 5589 2597 5642 εἰ
2634 5589 2733 5659 μὴᾼ
2768 5588 2890 5642 κατ’
2948 5589 3256 5659 ἐπιτροπὴν
3298 5588 3630 5659 ἐπισκόπου.

375 5656 580 5739 duplex,
610 5656 877 5739 scholintn
910 5656 1217 5739 subjicitur.
1248 5656 1499 5739 Erimum
1531 5659 1750 5739 quidem
1784 5676 1800 5714 :
1827 5658 1956 5739 ξω·
2056 5657 2245 5739 {Ignari
2293 5674 2410 5739 uero
2461 5659 2531 5739 1‘4
2563 5656 2818 5739 synodi_8
2876 5674 3040 5739 neque
3083 5656 3303 5739 lectores
3341 5666 3399 5710 ut
3432 5658 3643 5739 o_rdinc_t

381 5728 704 5804 ρεπίσκοποι
733 5733 789 5804 οἰ
811 5730 907 5786 νῦν
941 5728 1224 5804 λεγόμενοι
1247 5729 1489 5804 ἔξαρχοι,
1520 5728 1631 5804 εἴτε
1663 5729 1947 5804 πατριάρ-

2059 5728 2535 5804 [βίιονερὶεεορρ]Δ
2567 5728 2850 5794 concedit,
2911 5728 3017 5804 nisi
3053 5729 3339 5804 permissu
3381 5730 3638 5801 episcopis

382 5797 480 5876 χου
527 5806 686 5875 εἰσὶν,
738 5803 849 5859 εἴτε
888 5797 1318 5875 μητροπολιτουο
1348 5797 1753 5872 ’ϐὴογθυὶδεορὶ
1780 5797 1947 5870 σπῆι,

2060 5797 2414 5873 Ηιιιπιόηορ.
2440 5797 2584 5873 Epit.
2614 5815 2741 5859 can.
2783 5809 2921 5859 sect.
2951 5798 3001 5866 l,
3030 5798 3115 5854 tit.
3155 5797 3210 5856 9.

1964 5898 2047 5908 ..ος
