4076 6406
440 334 579 399 3999

1680 314 1985 391 Δ’ῙἩΕΟΙλ
2022 326 2432 391 BALSAMON

3570 332 3711 396 1300

436 446 620 514 scopis
649 454 830 499 autem
857 445 926 502 ab
959 443 1108 500 muni
1153 441 1578 513 reprehensione
1627 439 1846 505 alienis,
1882 456 2019 511 quo-

2127 440 2368 496 κεῖσθαι.
2400 442 2527 504 Τοῖς
2549 440 2610 495 δὲ
2640 440 3035 511 ἀνεπιλήπτως
3077 442 3547 512 χωρεπισκόποις,
3583 446 3712 515 ἢτοι

438 554 559 594 rum
608 539 816 595 scilicet
870 536 1203 592 existimatio
1263 533 1408 590 nulla
1467 533 1850 599 accusatione,
1899 547 2020 601 quae

436 636 612 691 labem
647 633 860 697 aﬂerat,
914 639 1122 686 tentata
1174 637 1279 693 est,
1340 639 1659 681 concessum
1699 633 1867 680 estet
1888 626 2020 680 dare

435 729 649 783 litteras
686 725 981 796 paciﬁcus;
1031 721 1160 793 quia
1185 722 1272 781 eis
1312 718 1420 775 alia
1468 731 1688 789 quoque
1733 713 2019 785 privilegia

432 826 498 878 ds
508 833 557 878 ta
592 832 738 875 sunt.

505 912 759 968 ZONAR.
790 910 1189 967 Canonicarum
1240 907 1590 977 epistolarum
1622 902 1839 963 nomine
1869 915 2019 957 com-

434 1005 765 1063 mendatitiae
797 1003 1141 1071 paeiﬁcaeque
1173 999 1274 1054 hoc
1321 1000 1440 1054 loco
1469 997 1861 1066 intelliguntur.
1891 991 2021 1058 Quae

432 1116 560 1157 vero
582 1096 936 1168 sintpaeiﬁcw
957 1092 1410 1164 epistolaquaeve
1426 1082 2017 1148 commendatitizeJam

431 1194 687 1247 diximus.
724 1186 816 1243 Hae
853 1199 982 1240 vero
1009 1199 1039 1238 a
1072 1181 1345 1252 praefectis
1375 1178 1751 1242 ecclesiarum,
1783 1190 1889 1230 non
1914 1188 2013 1228 au-

435 1299 543 1342 tem
574 1300 603 1339 a
633 1280 989 1354 presbyteris,
1017 1291 1114 1334 nec
1138 1275 1206 1331 ab
1229 1275 1315 1341 iis,
1338 1274 1430 1343 qui
1461 1281 1581 1328 Sum
1608 1271 1661 1325 in
1683 1266 2017 1340 regionibus,

431 1396 463 1433 ο
493 1377 695 1448 quibus
717 1385 777 1429 ut
810 1372 1100 1443 plurimum
1153 1370 1342 1424 abesse
1370 1365 1548 1421 solent
1601 1360 1863 1432 episcopi,
1896 1356 2013 1412 dari

430 1445 786 1523 cor—tsuevere.
815 1458 1240 1530 Chorepiscopis
1292 1464 1471 1510 autem
1518 1452 1588 1507 ab
1627 1450 1775 1505 omni
1838 1445 2019 1515 suspi-

430 1562 590 1615 cione
644 1557 863 1621 alienis,
923 1566 1161 1623 quorum
1218 1548 1430 1604 scilicet
1483 1540 1822 1600 existimatio
1869 1536 2018 1593 nulla

432 1650 679 1709 criminis
735 1648 857 1702 labe
912 1644 1181 1700 maculata
1235 1647 1353 1704 est,
1420 1636 1675 1707 paciﬁcas
1742 1627 2018 1687 tribuendi

431 1747 579 1815 (nam
638 1741 742 1797 alia
782 1752 1000 1810 quoque
1044 1730 1454 1805 chorepiscopis
1506 1725 1787 1797 privilegia
1821 1736 2021 1778 conce-

2127 536 2240 598 τοῖς
2276 534 2352 605 μὴ
2384 536 2492 589 ὑπὸ
2520 536 2762 590 αίτίασιν
2795 534 3132 606 σπιλωτικὴν
3166 535 3499 607 ὑπολήψεως
3527 538 3716 591 αὐτῶν

2125 629 2466 696 γενομένοις,
2509 628 2728 699 ἐνεδόθη
2777 628 3063 698 είρηνικὰς
3103 628 3311 681 διδόναι
3368 628 3665 692 ἐπιστολάς
3693 644 3712 660 ·

2125 719 2209 772 ὅτι
2248 721 2344 775 καὶ
2373 721 2513 776 ἀλλα
2540 722 2812 793 προνόμια
2842 720 3052 785 τούτοις
3091 721 3583 792 ἐφιλοτιμήθησαν.

3260 824 3311 831 -ιη

2197 902 2444 956 ΖΩΝΑΡ.
2472 901 2784 965 Κανονικάς
2810 903 3103 964 ἐπιστολὰς
3125 902 3228 965 τὰς
3252 902 3586 963 συστατικὰς
3611 901 3720 955 καὶ

2125 994 2409 1064 εἰρηνικὰς
2430 994 2900 1065 ὀνομάζειετίνες
2930 996 2987 1048 δέ
3008 998 3146 1049 εἰσιν
3180 995 3483 1065 εἰρηνικαὶ,
3510 995 3608 1048 καὶ
3632 996 3721 1047 τίς-

2127 1102 2214 1148 νες
2252 1086 2577 1139 συστατικαὶ
2599 1088 2694 1140 καὶ
2728 1086 2829 1157 ήδη
2864 1086 3103 1156 εἴρηται.
3139 1084 3358 1148 Ταύτας
3384 1085 3443 1139 δὲ
3470 1088 3519 1139 οί
3543 1096 3723 1149 προε-

2127 1176 2330 1240 στῶτες
2362 1176 2473 1230 τῶν
2497 1177 2806 1249 ἐκκλησιῶν
2845 1178 3107 1242 διδόασιν,
3163 1178 3225 1231 ού
3254 1177 3439 1248 μέντοι
3465 1179 3720 1248 πρεσϐύ-

2125 1282 2296 1339 τεροί,
2322 1270 2443 1324 οὐδὲ
2473 1272 2521 1323 οἱ
2551 1271 2609 1325 ἐν
2625 1273 2745 1334 ταῖς
2768 1270 2974 1342 χώραις
2996 1270 3130 1324 ἔνθα
3153 1272 3227 1340 μὴ
3253 1269 3516 1340 συχνάξει
3539 1272 3567 1323 ό
3591 1271 3723 1323 ἐπί-

2128 1381 2351 1429 σκοπος.
2372 1367 2433 1419 Οί
2454 1365 2512 1420 δὲ
2532 1366 2963 1436 χωρεπίσκοποι,
2985 1366 3033 1418 εί
3055 1364 3416 1434 ἀνεπίληπτοι
3436 1365 3564 1427 εἰσι,
3587 1382 3723 1417 του-

2124 1456 2306 1511 τέστιν
2332 1457 2584 1523 ἀναίτιοι,
2630 1457 2704 1528 μή
2744 1473 2889 1519 τινος
2923 1456 3105 1520 αἰτίας
3150 1457 3272 1509 κατ’
3316 1455 3501 1509 αὐτῶν
3542 1454 3719 1526 οὔσης

2128 1548 2426 1620 σπιλούσης
2446 1550 2578 1613 ἴσως
2602 1549 2704 1620 τὴν
2735 1548 2941 1603 τούτων
2961 1549 3256 1616 ὑπόληψιν,
3281 1547 3540 1601 δύνανται
3568 1548 3714 1601 διδό-

2126 1658 2214 1696 ναι
2245 1641 2566 1712 είρηνικάςο
2605 1642 2731 1695 ἐπεὶ
2780 1645 2896 1705 τοῖς
2946 1641 3392 1712 χωρεπισκόποις
3429 1640 3528 1694 καὶ
3574 1641 3717 1694 ἄλλα

2128 1733 2402 1804 προνόμια
2462 1733 2741 1788 δέδονταισ
2793 1732 2931 1804 πρὸς
2965 1733 3168 1803 μόνους
3208 1732 3267 1785 δὲ
3296 1734 3426 1795 τοὺς
3458 1732 3715 1799 γείτονας

432 1810 658 1907 duntur)
707 1835 774 1888 ad
827 1831 974 1887 solos
1036 1838 1214 1884 tamen
1242 1825 1452 1881 vicinos
1506 1818 1793 1890 episcopos
1837 1822 1892 1869 et
1926 1810 2018 1882 qui

2127 1825 2462 1889 ἐπισκόπους
2499 1824 2741 1894 πέμπειν
2788 1824 3074 1896 εἰρηνικὰς
3132 1825 3431 1887 ἐπιστολὰς
3474 1823 3714 1889 δέδοται,

432 1937 563 1985 sunt
584 1905 815 1997 inpagis
832 1922 1207 1996 presbyteros,
1230 1932 1336 1972 non
1363 1913 1431 1969 ad
1456 1928 1551 1968 eos
1567 1909 1657 1982 qui
1681 1905 2021 1977 longioribus

433 2019 738 2078 intervallis
793 2014 1051 2083 disiuncti
1115 2019 1275 2077 sunt,
1324 2022 1497 2065 canon
1544 2001 1858 2060 facultatem
1900 2010 2023 2053 esse

535 2115 705 2169 ernit.

535 2130 596 2169 er
641 2120 705 2168 't.

430 2120 663 2262 ἓξὲξιὸξῖ
723 2221 745 2257 ι
773 2202 1065 2272 Presbyter
1103 2196 1216 2253 ruri
1268 2195 1471 2264 degens
1496 2200 1792 2246 canomcas
1835 2199 1904 2240 ne
1933 2183 2025 2238 det

497 2318 517 2353 ι
557 2296 839 2370 epistolas,
879 2292 961 2350 vel
988 2292 1179 2349 saltem
1214 2286 1281 2343 ad
1310 2284 1550 2342 vicinum
1575 2288 1787 2336 tantum
1815 2275 2024 2348 episco-

496 2409 516 2444 ι
550 2403 709 2461 pum.
738 2406 759 2440 ›

503 2503 651 2560 Solis
681 2499 959 2572 episcopis
998 2505 1055 2553 et
1106 2490 1518 2563 cborepiscopis
1553 2483 1853 2556 ineuipatis
1891 2497 2020 2553 per-

432 2598 667 2655 mittitur
706 2596 925 2651 clericis
952 2591 1204 2663 parmciat
1233 2603 1345 2644 suae
1366 2597 1592 2655 peregre
1622 2577 1890 2651 proﬁcisci
1925 2588 2021 2629 vo-

334 2728 337 2729 ν
432 2688 673 2745 lentibus
718 2683 1013 2740 canonieas
1052 2680 1187 2735 dare
1236 2674 1537 2745 epistolas:
1571 2678 1629 2725 at
1663 2666 2020 2738 presbyteris,

432 2780 641 2852 primas
672 2778 729 2832 in
783 2775 1009 2846 regione
1042 2768 1275 2827 forsitan
1309 2773 1495 2838 partes
1552 2759 1887 2823 tenentibus,
1920 2757 2023 2811 hoc

432 2849 543 2931 non
577 2874 754 2929 decet.
784 2869 867 2925 Ad
903 2864 1144 2921 vicinum
1176 2869 1357 2916 autem
1382 2858 1698 2928 episcopum
1730 2852 1799 2908 de
1824 2849 2022 2906 talibus

430 2967 650 3025 clericis
688 2964 956 3026 scribere,
1008 2968 1066 3016 et
1112 2952 1537 3015 ordinationem,
1595 2962 1663 3002 ac
1723 2944 1908 3008 ﬁdem,
1956 2953 2021 2995 ac

429 3060 748 3133 opinionem
799 3066 990 3114 eorum
1024 3058 1213 3109 notam
1253 3045 1437 3102 facere
1479 3042 1647 3099 etiam
1674 3036 1782 3094 illis
1820 3044 2020 3090 conce~

432 3156 600 3212 ditur.

1050 3364 1285 3427 CANON
1317 3362 1408 3419 IX.

441 3516 460 3549 ι
500 3492 819 3565 Episcopus,
843 3485 935 3559 qui
960 3495 1089 3541 sunt
1119 3484 1172 3537 in
1201 3490 1527 3549 unaquaque
1555 3471 1857 3544 provincia,
1886 3467 2028 3524 scire

510 3563 790 3655 {oportet
846 3580 1162 3650 episcopum
1214 3578 1305 3644 qui
1358 3579 1556 3641 praeest
1622 3563 1932 3635 metropoli,
1974 3569 2029 3617 et

516 3700 535 3733 ι
572 3693 762 3735 curam
796 3676 1079 3743 suscipere
1128 3670 1298 3726 totius
1328 3663 1624 3738 provincia:
1654 3678 1669 3714 :
1703 3675 1770 3716 eo
1802 3657 1944 3729 quod
1972 3655 2025 3708 in

517 3794 537 3825 ι
579 3768 929 3839 metropolim
989 3764 1352 3832 undequaque
1401 3760 1741 3813 concurrunt
1807 3762 2025 3809 omnes,

517 3887 536 3920 ι
578 3865 671 3938 qui
704 3863 910 3918 habent
937 3856 1176 3928 negotia.
1210 3851 1367 3909 Unde
1397 3850 1573 3903 visum
1605 3852 1713 3909 est,
1744 3856 1867 3897 eum
1893 3853 2027 3908 quo-

521 3976 539 4013 ι
573 3933 901 4029 άυεζιιοιιοτο
925 3947 1265 4020 praecedere;
1289 3942 1529 4011 reliquos
1545 3933 2029 4002 autem'episcopos

526 4071 547 4103 ι
585 4020 724 4104 nihil
753 4044 937 4116 magni
964 4037 1226 4096 momenti
1249 4032 1466 4105 aggredi
1501 4030 1623 4085 sine
1655 4028 1796 4096 ipso,
1833 4030 1893 4076 ut
1914 4020 2029 4073 vult

512 4166 531 4196 ο
566 4115 868 4210 antiquior,
926 4134 1021 4205 qui
1089 4130 1327 4187 obtinuit
1388 4140 1419 4181 e
1479 4121 1735 4178 Patribus
1802 4115 2026 4177 nostris,

512 4256 531 4288 ι
568 4209 788 4290 canon:
842 4229 929 4285 vel
986 4243 1049 4283 ea
1097 4225 1233 4288 sola,
1292 4234 1414 4291 quae
1463 4218 1530 4273 ad
1595 4209 2030 4279 uniuscujusque

515 4346 534 4377 ι
569 4324 866 4396 parteciam
890 4302 1202 4377 conferunt,
1221 4310 1541 4377 et'regiones
1564 4319 1683 4373 quae
1705 4301 1755 4356 ei
1777 4299 2027 4354 subsunt.

515 4439 534 4470 ι
578 4415 1032 4485 Unumquemque
1083 4406 1229 4463 enim
1291 4403 1633 4474 episcopum,
1667 4396 1872 4451 habere
1917 4405 2029 4447 sua:

2126 1917 2359 1979 καὶτοῖς
2394 1886 2455 1970 ἐν
2487 1886 2613 1979 ταίς
2646 1886 2858 1988 χώραις
2885 1886 3305 1986 πρεσϐυτέροις,
3345 1886 3417 1968 ούν
3443 1914 3551 1985 μὴν
3572 1886 3763 1986 πρὸς⁴

2124 2008 2254 2071 τοὺς
2288 2007 2627 2079 περαιτέρω.

2124 2186 2352 2244 ΑΡΙΣΤ.
2393 2206 2412 2240 ι
2468 2186 2528 2241 '0
2582 2186 2675 2240 ἐπὶ
2713 2185 2898 2259 χώρας
2959 2185 3338 2257 πρεσϐύτερος
3395 2183 3470 2253 μὴ
3519 2182 3715 2237 διδότω

2202 2301 2222 2334 ι
2270 2282 2569 2344 κανονικάς
2627 2279 2982 2350 ἐπιστολάςῆ
3018 2279 3156 2350 πρὸς
3193 2279 3359 2349 μόνον
3410 2276 3711 2336 ἐπίσκοπον

2199 2393 2220 2429 ι
2266 2374 2508 2443 γείτονα.
2558 2392 2580 2427 ι

2196 2487 2398 2551 Μόνοις
2447 2489 2564 2549 τοίς
2619 2485 2948 2548 ἐπισκόποις
2999 2482 3096 2537 καὶ
3147 2482 3264 2544 τοῖς
3314 2478 3707 2548 ἀνεπιλήπτοις

2126 2578 2571 2651 χωρεπισκόποις
2605 2578 2820 2646 ἐφεῖται
2870 2574 3166 2636 κανονικάς
3228 2570 3435 2624 διδόναι
3486 2570 3709 2620 ἐπιστο-

2124 2671 2227 2735 λὰς
2260 2672 2374 2732 τοῖς
2428 2668 2653 2740 μακρὰν
2701 2665 3062 2736 ἀποδημῆσαι
3098 2661 3314 2717 θέλουσι
3360 2664 3462 2732 τῆς
3498 2658 3713 2713 ἑαυτῶν

2126 2761 2427 2833 παροικίας
2452 2759 2737 2830 κληρικοῖς
2756 2774 2771 2788 ·
2805 2755 3204 2828 πρεσϐυτέροις
3233 2754 3313 2816 δὲ,
3346 2754 3462 2814 τοῖς
3494 2751 3586 2803 ἐπὶ
3609 2748 3717 2818 χὼ-

2126 2871 2230 2926 ρας
2264 2854 2396 2916 ῐσως
2428 2851 2803 2922 πρωτεύουσι,
2836 2849 2901 2903 τὸ
2930 2847 3232 2917 προνόμιον
3256 2844 3418 2898 τοῦτο
3445 2845 3547 2896 οὐκ
3579 2842 3715 2909 ἀνή-

2125 2960 2234 3001 κει.
2272 2945 2421 3014 Πρὸς
2468 2943 2529 2998 δὲ
2577 2943 2879 2997 ἐπίσκοπον
2917 2940 3138 3009 γείτονα
3169 2938 3407 3007 γράφειν
3443 2936 3575 3005 περὶ
3605 2933 3718 2986 τῶν

2125 3036 2390 3090 τοιούτων
2432 3032 2715 3105 κληρικῶν
2746 3034 2845 3091 καὶ
2894 3032 3152 3101 συνιστᾷν
3196 3030 3295 3096 τὴν
3345 3025 3715 3097 χειροτονίαν,

2049 3156 2094 3219 c
2130 3130 2228 3183 καὶ
2256 3130 2358 3200 τὴν
2388 3130 2596 3193 πίστιν,
2629 3129 2725 3182 καὶ
2755 3127 2859 3197 τὴν
2887 3123 3161 3195 ὑπόληψιν
3203 3121 3410 3188 αὐτῶν,
3456 3122 3555 3175 καὶ
3586 3135 3722 3188 συγ-

2128 3219 2446 3291 κενὼρηται
2476 3219 2574 3274 καὶ
2605 3218 2818 3282 αὐτοῖς.

2735 3357 2979 3411 ΚΑΝΩΝ
3027 3357 3108 3411 8'.

2135 3494 2153 3525 ι
2201 3473 2342 3537 Τοὺς
2368 3473 2496 3527 καθ’
2527 3473 2769 3544 ἑκάστην
2808 3471 3084 3543 ἐπαρχίαν
3116 3468 3461 3530 ἐπισκόπους
3515 3465 3723 3519 ειδέναι

2206 3585 2223 3619 t
2272 3566 2381 3638 χρὴ
2409 3566 2504 3619 τὸν
2530 3566 2586 3620 ἐν
2630 3567 2697 3637 τῇ
2737 3565 3076 3635 μητροπόλει
3111 3561 3437 3635 προεστῶτα
3486 3560 3725 3613 ἐπίσκο-

2211 3677 2230 3711 t
2277 3675 2400 3723 πον,
2434 3660 2529 3712 καὶ
2562 3658 2664 3728 τὴν
2696 3657 2958 3729 φροντίδα
3002 3654 3363 3726 ἀναδέχεσθαι
3394 3653 3579 3721 πάσης
3612 3651 3722 3721 τῆς

2207 3769 2227 3803 ι
2274 3751 2550 3826 ἐπαρχίας
2570 3765 2585 3781 ο
2616 3751 2706 3804 διὰ
2735 3749 2797 3804 τὸ
2827 3752 2884 3803 ἐν
2907 3751 2974 3819 τῇ
3007 3746 3344 3819 μητροπόλει
3370 3742 3724 3812 πανταχόθεν

2209 3861 2228 3895 ι
2276 3844 2593 3914 συντρέχειν
2630 3842 2842 3906 πάντας
2873 3842 3000 3903 τοὺς
3022 3841 3093 3894 τὰ
3126 3839 3432 3908 πράγματα
3467 3836 3724 3906 ἔχοντας,

2209 3956 2229 3989 ι
2278 3935 2442 3990 Ὅθεν
2484 3935 2633 4002 εδοξε
2667 3935 2761 3989 καὶ
2809 3937 2877 4004 τῇ
2923 3935 3058 4004 τιμῇ
3117 3931 3488 4002 προηγεῖσθαι
3528 3930 3723 3992 αὐτὸν,

2210 4046 2228 4078 ι
2277 4028 2447 4099 μηδέν
2471 4045 2533 4080 τε
2567 4026 2835 4097 πράττειν
2864 4025 3129 4094 περιττὸν
3163 4026 3291 4087 τοὺς
3319 4023 3549 4084 λοιποὺς
3597 4023 3726 4074 ἐπι-

2212 4135 2232 4170 t
2281 4119 2521 4181 σκόπους
2570 4118 2705 4173 ἄνευ
2757 4116 2948 4181 αὐτοῦ,
3017 4117 3162 4171 κατὰ
3209 4116 3305 4169 τὸν
3358 4112 3725 4183 ἀρχαιότερον

2210 4224 2230 4259 ι
2277 4209 2633 4278 κρατήσαντα
2686 4206 2757 4260 ἐκ
2804 4205 2917 4259 τῶν
2955 4204 3219 4273 Πατέρων
3271 4203 3432 4273 ὴμῶν
3476 4202 3723 4254 κανόνα”

2208 4318 2227 4351 ‹
2274 4299 2507 4370 ἢταῦτα
2546 4299 2683 4367 μόνα
2715 4299 2817 4353 ὅσα
2846 4300 2913 4369 τῇ
2952 4297 3187 4350 ἑκάστου
3233 4292 3517 4349 ἐπιϐάλλει
3563 4310 3721 4363 παρ-

2208 4410 2227 4443 ι
2267 4389 2433 4464 οικίᾳ,
2470 4390 2566 4444 καὶ
2623 4392 2745 4454 ταῖς
2799 4388 2891 4443 ὑπ’
2945 4388 3115 4458 αὐτὴν
3180 4388 3408 4456 χώραις.
3447 4386 3729 4437 Ἕκαστον

516 4532 535 4563 r
574 4477 828 4581 βοηθοῖτε
880 4477 1232 4576 potestatem,
1261 4505 1316 4552 et
1343 4492 1731 4549 administrare
1778 4499 1877 4556 pro
1911 4482 2020 4538 uni-

2214 4503 2233 4537 ι
2278 4484 2390 4553 γὰρ
2420 4482 2725 4536 ἐπίσκοπον
2759 4481 3013 4546 ἐξουσίαν
3049 4479 3196 4550 ἔχειν
3225 4479 3327 4547 τῆς
3361 4477 3560 4530 ἑαυτοῦ
3613 4495 3728 4529 παρ

511 4625 529 4658 ι
556 4605 753 4674 cuique
789 4575 1155 4657 conveniente
1199 4589 1479 4660 religione,
1507 4593 1563 4640 et
1594 4582 1757 4637 totius
1795 4575 2030 4646 regionis

517 4716 536 4748 ι
575 4668 694 4765 quas
721 4708 833 4748 suat
869 4689 991 4745 urbi
1024 4687 1232 4749 subest,
1270 4692 1457 4734 curam
1498 4687 1708 4746 gerere.
1742 4669 1817 4726 Ut
1864 4668 2027 4723 etiam

514 4808 529 4835 ι
569 4784 787 4840 ordinet
812 4778 1163 4851 presbyteros
1189 4781 1244 4826 et
1287 4769 1575 4829 diaconos,
1612 4770 2029 4829 ctunaquaeqne

517 4898 535 4931 ι
576 4892 699 4934 cum
729 4870 931 4944 iudicio
956 4872 1183 4929 tractet;
1219 4871 1275 4917 et
1302 4857 1436 4914 nihil
1461 4852 1809 4924 ultra‘facere
1838 4866 2027 4921 aggre-

523 4991 543 5024 (
577 4942 778 5030 diatur,
812 4964 931 5018 sine
960 4955 1382 5027 metropolitano
1403 4949 1683 5021 episcopo,
1711 4958 1886 5017 neque
1913 4942 2030 5012 ipse

520 5042 543 5115 ἰ
582 5061 701 5117 sine
731 5055 1068 5126 reliquorum
1098 5047 1387 5104 sententia.
1421 5062 1440 5097 ι

519 5327 717 5387 BALS.
773 5324 905 5392 Quae
959 5338 1011 5375 ιιι
1073 5316 1323 5390 prmsenti
1380 5326 1591 5370 canone
1654 5310 2027 5371 continentur,

2213 4592 2233 4628 ι
2280 4572 2493 4646 ροικίας
2546 4573 2771 4627 διοικεῖν
2804 4588 2863 4625 τε
2895 4567 3040 4624 κατὰ
3072 4568 3172 4638 τὴν
3222 4566 3440 4636 ἑκάστῳ
3497 4566 3734 4619 ἐπιϐάλ-

2213 4687 2232 4719 ι
2279 4666 2486 4720 λουσαν
2514 4664 2831 4729 εὐλάϐειαν,
2877 4661 2973 4715 καὶ
3008 4660 3273 4731 πρόνοιαν
3306 4657 3584 4710 ποιεῖσθαι
3619 4656 3731 4709 πά-

2213 4777 2233 4811 (
2282 4776 2381 4829 σης
2409 4757 2512 4828 τῆς
2541 4755 2729 4828 χώρας
2752 4756 2851 4824 τῆς
2886 4754 2994 4806 ὑπὸ
3021 4752 3119 4823 τὴν
3154 4744 3354 4805 ἐαυτοῦ
3406 4748 3583 4802 πόλιν·
3648 4748 3730 4810 ὡς

2205 4872 2223 4904 ι
2272 4852 2370 4904 καί⁸
2412 4849 2744 4922 χειροτονεῖν
2811 4844 3223 4917 πρεσϐυτέρους
3273 4842 3369 4896 καὶ
3415 4840 3727 4905 διακόνους,

2212 4963 2231 4997 ι
2271 4943 2368 4998 καὶ
2422 4942 2563 5013 μετά
2611 4940 2851 5011 κρίσεως
2880 4931 3093 4992 ἕκαστα
3150 4933 3582 5003 διαλαμϐάνειν·
3618 4951 3729 4985 πε-

2215 5054 2233 5088 ι
2285 5034 2524 5104 ραιτέρω
2553 5034 2611 5087 δὲ
2643 5031 2810 5102 μηδὲν
2838 5030 3104 5102 πράττειν
3139 5028 3443 5097 ἐπιχειρεῖν
3470 5023 3595 5093 δίχα
3628 5022 3729 5076 τοῦ

2218 5148 2238 5180 ι
2284 5130 2384 5197 τῆς
2411 5124 2802 5197 μητροπόλεως
2824 5122 3157 5186 ἐπισκόπου,
3213 5119 3352 5192 μηδέ
3381 5116 3547 5171 αὑτὸν
3586 5116 3723 5169 ἄνευ

2214 5239 2234 5273 ε
2277 5221 2380 5289 τῆς
2410 5219 2521 5273 τῶν
2551 5217 2757 5271 λοιπῶν
2786 5217 3037 5287 γνώμης.
3078 5233 3099 5267 ι

2209 5314 2407 5368 ΒΑΔΣ.
2442 5313 2524 5365 Τά
2553 5311 2651 5365 τοῦ
2700 5310 2973 5382 παρόντος
3019 5307 3247 5372 κανόνος
3285 5306 3727 5378 ὴρμηνεύθησαν
3780 5346 3806 5363 ,

444 5421 690 5491 e3905i”
739 5425 868 5472 sum
922 5413 976 5468 ίη
1032 5422 1240 5467 canone
1294 5402 1595 5477 δβοθῑοιίθο
1644 5398 1714 5453 ⁵4
1742 5438 1758 5466 ι
1809 5405 1863 5452 ει
1914 5396 2033 5465 Ῑεθίῖο
2138 5406 2197 5461 ἐν
2229 5406 2307 5477 τῷ
2342 5403 2416 5459 λδ¹
2442 5400 2791 5473 ἀποστολικῷ
2827 5402 3035 5468 κανόνι,
3065 5402 3161 5455 καὶ
3194 5396 3472 5469 ἀνάγνωθι
3506 5399 3725 5452 τοῦτον.

444 5528 592 5570 eum.

449 5711 622 5751 canon
654 5702 891 5758 constet,
942 5691 987 5745 si
1026 5699 1206 5742 tamen
1256 5679 1585 5737 sententiam
1634 5685 1876 5747 speetcs,
1908 5688 2029 5728 cum

452 5786 747 5858 apostolico
807 5796 1016 5839 canone
1073 5775 1355 5836 tricesimo
1413 5779 1609 5843 quarto
1670 5768 1725 5827 iu
1776 5765 2031 5825 omnibus

519 5536 773 5660 ῗόΝΑΒ.
800 5598 1062 5669 Quamvis
1096 5610 1202 5650 non
1246 5536 1440 5646 iisdem
1475 5584 1701 5642 omnino
1723 5582 1907 5639 verbis
1942 5581 2034 5636 hic

2212 5583 2457 5638 ΖΩΝΑΡ.
2496 5582 2560 5635 Εἰ
2590 5581 2687 5634 καὶ
2727 5578 2800 5651 μὴ
2851 5581 2964 5642 τοῖς
3000 5578 3213 5650 ῥήμασι
3242 5576 3420 5630 διόλου
3472 5578 3500 5628 ό
3536 5571 3726 5626 κανὼν

2138 5666 2294 5735 οὗτος
2329 5670 2770 5741 ἀπαραλλάκτως
2803 5666 2920 5738 ἔχει
2956 5667 3095 5738 πρὸς
3125 5667 3217 5721 τὶν
3253 5665 3325 5721 λδ¹
3376 5664 3581 5719 κανόνα
3610 5661 3731 5715 τῶν

2140 5764 2314 5835 ἁγίων
2350 5761 2689 5831 ἀποστόλων,
2749 5760 2884 5817 ἀλλὰ
2921 5761 3063 5817 κατά
3108 5758 3208 5831 τὴν
3258 5758 3474 5815 ἔννοιαν
3526 5752 3731 5826 ἰκτίνῳ
