4076 6410
347 328 517 408 '1301

1453 351 1537 413 ΙΝ
1579 351 1748 414 CAN.
1791 351 1845 412 Χ
1882 349 2096 414 CONC.
2144 356 2201 416 Π
2250 355 2608 417 ANTIOCH.
2684 426 2689 429 ἶ

3514 343 3652 413 1302

367 458 429 509 ἐν
460 456 633 510 ἅπασι
667 459 970 527 συμφωνεῖ.
1007 458 1175 513 Ὥστε
1201 458 1237 517 ἃ
1268 460 1327 516 ἐν
1376 463 1572 536 ἐκείνῳ
1604 467 1823 540 εῐρηται
1854 466 1952 520 καὶ

2076 472 2335 539 :ongruit.
2389 470 2467 526 Ex
2510 472 2578 526 iis
2609 483 2737 539 ergo
2776 480 2897 538 qum
2954 467 3227 525 ibi'dicta
3276 474 3426 536 sunt,
3474 466 3639 534 huius

367 549 463 603 τὸν
489 549 683 604 τούτου
719 550 846 606 νοῦν
879 553 1189 624 παριστῶσι
1230 554 1308 626 τῷ
1345 555 1683 629 βουλομένῳ.

368 728 586 785 ΑΡΙΣΤ.
639 749 660 783 ι
709 731 816 785 Τοῦ
868 735 1266 803 μητροπολίτου
1306 737 1411 808 τῆς
1440 736 1670 809 γνώμης
1707 740 1954 811 ἀναρτᾶ-

446 840 466 875 ι
512 822 638 877 σθαι
686 825 815 889 τοὺς
862 826 1223 894 ἐπισκόπους,
1255 828 1351 882 καὶ
1408 829 1481 899 μή
1513 846 1565 884 τι
1617 835 1719 902 τῆς
1772 833 1956 888 αὐτῶν

451 934 470 967 ι
514 916 778 988 προνοίας
810 919 1125 990 οἰκονομεῖν
1158 921 1308 991 δίχα,
1355 921 1388 992 ἢ
1447 921 1611 991 μόνον
1645 925 1716 978 τὰ
1743 928 1808 997 τῇ
1844 927 1956 1001 ἰδίᾳ

445 1024 465 1060 ι
509 1010 700 1082 ἐνορίᾳ
730 1014 1149 1083 προσπίπτοντα
1181 1016 1278 1069 καὶ
1302 1019 1653 1087 χειροθεσίας
1690 1019 1957 1091 ἀνεπιλή-

442 1118 462 1154 ι
505 1117 661 1167 πτοις
688 1104 949 1177 ἀνδράσιν
980 1107 1277 1169 ἐπιτελεῖν.
1323 1132 1344 1166 ι

439 1196 523 1249 Τὰ
558 1197 700 1251 αὐτὰ
722 1198 800 1269 τῷ
822 1201 1136 1274 τριακοστῷ
1160 1206 1414 1278 τετάρτῳ
1431 1206 1621 1263 κανόνι
1642 1205 1755 1262 τῶν
1783 1207 1958 1277 ἁγίων

367 1291 688 1346 ἀποστόλων
722 1295 820 1349 καὶ
855 1296 883 1349 ό
925 1296 1108 1352 κανὼν
1139 1291 1297 1363 οὗτος
1327 1299 1599 1369 διδάσκει,
1657 1301 1719 1356 τὸ
1770 1301 1957 1373 ἐπιγι-

366 1384 599 1439 νώσκειν
653 1388 781 1452 τοὺς
833 1390 1170 1457 ἐπισκόπους
1238 1393 1479 1466 ἑκάστης
1538 1396 1813 1468 ἐπαρχίας
1867 1396 1963 1450 τὸν

368 1476 561 1531 ἐαυτοῦ
592 1479 830 1551 πρῶτον,
880 1482 973 1536 καὶ
1004 1483 1133 1538 ἄνευ
1163 1485 1391 1558 γνώμης
1447 1487 1614 1542 αὑτοῦ
1653 1489 1791 1560 μήτε
1842 1487 1965 1541 ἐπι.

369 1570 607 1635 σκόπους
679 1572 1040 1643 ψηφίζεσθαι,
1101 1579 1363 1650 μήτεξτι
1431 1579 1619 1652 ἕτερον
1701 1580 1964 1653 περιττὸν

366 1661 631 1730 πράττειν
674 1664 783 1718 τῶν
834 1667 1015 1719 ἐκεῖσε
1093 1668 1229 1740 παρ’
1271 1668 1431 1739 ἡμῶν
1494 1670 1828 1743 εἰρημένων,
1914 1669 1964 1724 εί

370 1753 506 1825 μόνα
554 1754 618 1808 τὰ
648 1755 1012 1812 ἐπιϐάλλοντα
1073 1762 1141 1832 τῇ
1197 1761 1433 1817 ἑκάστου
1490 1762 1797 1835 παροικίᾳ·
1866 1764 1963 1817 καὶ

367 1848 696 1917 χειροτονεῖν
768 1849 1167 1921 πρεσϐύτερον,
1211 1852 1307 1908 καὶ
1374 1853 1648 1920 διάκονον,
1707 1855 1805 1909 καὶ
1864 1856 1965 1911 ὅσα

365 1937 577 2003 τούτοις
605 1939 898 1998 ἀκόλουθα.

982 2035 1233 2093 ΚΔΝΩΝ
1278 2040 1339 2096 1'.

374 2136 393 2172 ι
441 2120 583 2186 Τοὺς
613 2123 671 2175 ἐν
700 2125 825 2189 ταῖς
872 2122 1093 2197 κώμαις
1129 2127 1163 2199 ἥ
1198 2130 1321 2193 ταῖς
1370 2127 1600 2203 χώραις,
1633 2132 1667 2204 ἢ
1696 2135 1824 2199 τοὺς
1855 2152 1960 2189 κα-

445 2230 465 2266 ι
506 2213 804 2287 λουμένους
847 2218 1327 2290 χωρεπισκόπους,
1359 2223 1407 2276 εί
1450 2225 1546 2278 καὶ
1593 2226 1949 2297 χειροθεσίαν

449 2324 470 2359 ι
511 2303 623 2361 εἷεν
657 2310 960 2366 ἐπισκόπου
1009 2312 1316 2384 εἰληφότες,
1347 2314 1495 2384 ἔδοξε
1540 2320 1608 2391 τῇ
1657 2319 1788 2392 ἁγίᾳ
1833 2337 1961 2374 συνη-

445 2420 466 2455 ι
510 2401 616 2472 όδῳ
666 2401 866 2458 εἰδέναι
916 2404 988 2458 τὰ
1058 2405 1271 2461 ἑαυτῶν
1331 2408 1550 2480 μέτρα,
1587 2412 1682 2465 καὶ
1731 2412 1963 2467 διοικεῖν

447 2510 467 2545 ι
508 2493 607 2557 τὰς
651 2494 1019 2566 ὑποκειμένας
1085 2498 1272 2562 αὐτοῖς
1338 2499 1673 2573 ἐκκλησίας,
1739 2506 1838 2559 καὶ
1896 2502 1964 2576 τῇ

448 2603 469 2639 ι
508 2585 715 2641 τούτων
742 2587 1029 2659 ἀρκεῖσθαι
1062 2591 1303 2661 φροντίδι
1335 2595 1431 2647 καὶ
1462 2594 1788 2669 κηδεμονίᾳ,
1825 2599 1960 2653 καθ-

450 2694 470 2730 ι
513 2679 667 2749 ιστᾷν
716 2679 774 2732 δέ
824 2681 1184 2750 ἀναγνώστας
1247 2684 1343 2737 καὶ
1416 2684 1812 2752 ὑποδιακόνους
1868 2689 1967 2743 καὶ

452 2786 471 2821 ι
517 2770 872 2842 ἐφορκιστὰς,
901 2773 997 2859 καὶ
1024 2776 1088 2846 τῇ
1119 2774 1330 2831 τούτων
1366 2777 1659 2847 ἀρκεῖσθαι
1705 2797 1963 2851 προαγω-

448 2880 469 2916 ι
515 2866 611 2935 γῇ,
651 2865 790 2934 μήτε
835 2865 896 2919 δὲ
948 2866 1330 2937 πρεσϐύτερον
1368 2871 1510 2940 μήτε
1552 2870 1804 2926 διάκονον
1845 2890 1964 2943 χει-

452 2973 471 3008 ι
513 2957 755 3025 ροτονεῖν
782 2958 991 3028 τολμᾷν
1031 2957 1157 3028 δίχα
1197 2957 1295 3012 τοῦ
1346 2963 1406 3015 ἐν
1434 2963 1501 3032 τῇ
1551 2963 1706 3016 πόλει
1737 2965 1967 3018 ἐπισκό-

452 3066 472 3100 ι
520 3065 649 3112 που,
746 3050 1068 3104 ὑπόκεινται
1096 3050 1261 3114 αὑτός
1300 3069 1359 3105 τε
1396 3055 1492 3107 καὶ
1520 3056 1552 3125 ἡ
1583 3054 1761 3127 χώρα.
1809 3058 1873 3111 El
1903 3057 1961 3112 δέ

454 3158 475 3194 ι
518 3140 813 3234 τολμήσειέ
844 3159 929 3234 τις
973 3142 1290 3234 παραξῆναι
1318 3145 1386 3200 τὰ
1416 3146 1730 3218 ὁρισθέντα,
1762 3149 1961 3205 καθαι-
1988 3168 2035 3234 C

454 3250 475 3285 ι
522 3233 735 3304 ρεῖσθαι
782 3232 947 3287 αὐτὸν
997 3234 1092 3287 καὶ
1123 3229 1193 3307 ἦς
1227 3237 1445 3308 μετέχει
1471 3239 1641 3309 τιμῆς
1664 3256 1678 3273 ·
1714 3240 1963 3312 χωρεπί-

456 3340 477 3376 ι
523 3341 728 3377 σκοπον
775 3324 834 3378 δὲ
889 3324 1140 3393 γίνεσθαι
1193 3326 1299 3381 ὑπὸ
1349 3326 1445 3382 τοῦ
1469 3329 1571 3399 τῆς
1625 3330 1869 3399 πόλεως,

455 3432 477 3466 ι
525 3415 832 3479 ὑπόκειται,
860 3416 1187 3474 ἐπισκόπου.
1229 3436 1248 3470 ι

456 3507 654 3562 ΒΑΛΣ.
710 3509 1117 3580 Κεκωλυμένον
1171 3510 1281 3566 ὑπὸ
1337 3511 1449 3567 τῶν
1508 3512 1757 3569 κανόνων
1815 3516 1967 3571 ἐστὶν

376 3599 719 3664 ἐπισκόπους
753 3600 1003 3670 γίνεσθαι
1034 3603 1116 3666 είς
1173 3600 1438 3675 βραχείας
1477 3606 1667 3672 πόλεις
1713 3608 1811 3663 καὶ
1853 3610 1965 3664 κώ-

381 3708 487 3760 μας
510 3707 528 3723 ·
561 3692 654 3744 καὶ
678 3691 767 3744 διὰ
789 3691 950 3745 τοῦτο
983 3692 1353 3764 ἐχειροτόνουν
1375 3697 1457 3759 είς
1488 3697 1696 3761 ταύτας
1723 3701 1968 3773 πρεσϐυ-

376 3783 594 3855 τέρους,
638 3783 809 3855 ἤγουν
859 3785 1307 3855 πρωοπαπάδας
1354 3788 1453 3842 καὶ
1489 3793 1968 3861 χωρεπισκόπους.

390 3872 543 3927 Ἐπεὶ
578 3873 635 3927 δέ
664 3890 808 3938 τινες
830 3873 939 3927 τῶν
971 3876 1415 3946 χωρεπισκόπων
1444 3878 1771 3951 ἐπεχείρουν
1802 3884 1971 3955 ίερεῖς

2057 580 2273 637 quoque
2321 564 2733 635 intelligentiam
2764 565 2942 635 facile,
2975 565 3068 638 qui
3095 563 3348 629 voluerit,
3381 576 3639 633 asseque-

2060 667 2172 715 tur.

2062 750 2293 808 ΑΒΙΞΤε
2330 770 2349 806 ι
2394 751 2438 808 Α
2465 750 2823 822 metropolitae
2855 751 3124 807 sententia
3150 749 3389 821 pendere
3433 758 3651 821 oportet

2139 861 2158 899 ι
2191 845 2502 917 episcopos,
2536 852 2592 901 et
2626 845 2765 900 nihil
2801 846 2939 901 citra
2972 844 3119 899 illius
3154 844 3443 900 consilium
3495 844 3649 898 iusti-

2135 957 2153 990 ι
2200 946 2374 1006 tuere,
2408 937 2512 994 nisi
2537 952 2599 993 ea
2643 938 2757 995 sola
2787 952 2908 1008 qua:
2944 938 3011 993 ad
3056 953 3209 993 suam
3259 938 3523 1007 cujusque
3552 953 3649 1006 pa-
3682 924 3683 927 “

2133 1047 2152 1080 ι
2191 1029 2416 1084 roeciam
2475 1039 2745 1099 spectant,
2793 1037 2849 1084 et
2906 1029 3040 1084 viris
3092 1027 3509 1099 reprehensioni
3544 1043 3647 1083 non

2133 1139 2153 1174 ι
2188 1122 2441 1178 obnoxiis
2469 1138 2661 1179 manus
2682 1124 2982 1193 imponere.
3021 1142 3047 1176 »κ
3360 1110 3361 1113 “

2137 1210 2338 1267 Eadem
2382 1227 2448 1270 ac
2488 1213 2801 1269 tricesimus
2829 1224 3061 1285 quartus
3092 1219 3408 1270 sanctorum
3440 1216 3651 1277 aposto-

2061 1303 2243 1359 lorum
2279 1319 2453 1361 canon
2499 1306 2665 1361 etiam
2716 1307 2807 1362 hic
2857 1305 3038 1372 docet,
3070 1305 3360 1375 episcopos
3391 1300 3651 1355 nimirum

2066 1395 2496 1466 uniuscuiusque
2526 1398 2827 1468 provincire
2861 1397 3100 1467 primum
3134 1408 3296 1451 suum
3324 1407 3653 1464 cognoscere

2066 1495 2121 1541 et
2166 1486 2287 1544 sine
2315 1489 2433 1555 ejus
2464 1489 2738 1545 sententia
2790 1502 2889 1544 nec
2936 1488 3223 1559 episcopos
3276 1488 3498 1561 eligere,
3555 1502 3654 1542 nec

2068 1578 2272 1650 aliquid
2308 1580 2475 1646 aliud,
2511 1593 2576 1636 ex
2608 1580 2676 1637 iis
2704 1594 2824 1650 quae
2860 1580 2932 1635 ibi
2961 1581 3240 1643 dicuntur,
3300 1578 3483 1649 magni
3538 1592 3654 1631 mo-

2069 1672 2239 1727 menti
2267 1670 2474 1738 facere,
2510 1674 2606 1728 sed
2637 1686 2703 1727 ea
2735 1672 2850 1728 sola
2896 1686 3018 1742 quae
3049 1671 3115 1726 ad
3147 1670 3409 1740 cujusque
3434 1671 3659 1739 provin-

2071 1763 2211 1819 ciam
2236 1771 2505 1835 spectant,
2528 1774 2582 1820 et
2597 1764 2973 1836 presbyterum
2992 1776 3055 1817 ac
3072 1762 3364 1819 diaconum
3375 1763 3657 1827 ordinare,

2067 1865 2121 1912 et
2147 1871 2484 1928 quaecunque
2514 1856 2666 1914 hisce
2691 1864 2819 1913 sunt
2850 1856 3077 1915 similia.

2787 2033 3015 2091 ΟΑΝΟιέ
3050 2032 3120 2090 Χ.

2073 2145 2092 2180 ι
2127 2123 2164 2179 li
2189 2125 2282 2197 qui
2308 2126 2437 2181 sunt
2458 2125 2511 2180 in
2534 2126 2671 2182 vicis
2693 2126 2778 2182 vel
2802 2126 3143 2198 regionibus,
3167 2124 3251 2181 vel
3272 2123 3375 2197 qui
3391 2124 3653 2180 dicuntur

2088 2288 2095 2297 ν
2145 2236 2163 2271 ι
2197 2216 2599 2289 chorepiscopi,
2619 2217 2782 2274 etiam
2804 2217 2848 2274 si
2872 2216 3115 2288 episcopi
3142 2206 3401 2272 manuum
3428 2215 3660 2285 imposi-

2148 2328 2167 2362 ι
2206 2312 2409 2367 tionem
2445 2312 2780 2381 acceperint,
2813 2309 2995 2364 visum
3037 2324 3067 2364 e
3098 2315 3119 2362 t
3169 2317 3376 2364 sancta:
3428 2306 3660 2381 synodo,

2143 2421 2164 2456 ι
2201 2411 2259 2460 ut
2284 2420 2443 2461 suum
2470 2405 2693 2460 modum
2719 2403 2919 2466 sciant,
2948 2409 3005 2457 et
3036 2399 3143 2457 sibi
3163 2399 3453 2470 subiectas
3479 2399 3659 2455 eccle-

2150 2515 2170 2549 ι
2211 2496 2325 2554 sias
2353 2495 2767 2560 administrent,
2800 2508 3104 2561 earumque
3132 2507 3271 2549 cura
3300 2503 3355 2549 et
3386 2493 3653 2548 sollicitu-

2151 2608 2172 2642 ι
2211 2589 2337 2646 dine
2367 2588 2607 2660 gerenda
2630 2590 2874 2643 contenti
2909 2587 3022 2643 sint
3055 2605 3069 2642 :
3105 2587 3448 2644 constituant
3478 2598 3661 2642 autem

2150 2698 2171 2734 ι
2210 2680 2463 2747 lectores,
2498 2680 2905 2752 hypodiaconos
2936 2686 2991 2733 et
3015 2679 3345 2745 exorcistas,
3378 2688 3432 2734 et
3470 2694 3662 2734 eorum

2159 2788 2180 2824 ι
2217 2771 2551 2841 promotioni
2595 2771 2844 2828 sulIiCere
2875 2770 3231 2836 existiment;
3276 2771 3664 2843 presbyterum

2152 2883 2183 2916 «η
2238 2880 2371 2921 vero
2425 2873 2521 2919 aut
2571 2864 2864 2919 diaconum
2920 2864 3184 2919 ordinare
3237 2878 3355 2918 non
3402 2863 3663 2927 audeant,

2155 2977 2175 3011 ι
2212 2959 2425 3028 absque
2457 2956 2614 3013 urbis
2642 2957 2924 3028 episcopo,
2975 2956 3065 3012 cui
3116 2956 3414 3026 subjicitur
3454 2957 3571 3027 ipse
3605 2965 3665 3011 et

2162 3069 2183 3104 ι
2228 3051 2399 3123 regio.
2438 3049 2495 3105 Si
2537 3050 2664 3120 quis
2714 3060 2895 3104 autem
2921 3050 3020 3115 'ea,
3070 3064 3194 3120 quae
3236 3050 3469 3105 deﬁnita
3509 3058 3662 3115 sunt,

2149 3158 2170 3196 ι
2204 3141 2514 3213 transgredi
2552 3140 2768 3207 audeat,
2818 3141 2938 3212 ipse
2966 3155 3188 3211 quoque
3234 3140 3465 3207 honore,
3497 3156 3660 3211 quem

2154 3254 2176 3289 ι
2214 3236 2403 3301 habet,
2434 3236 2684 3307 privetur
2718 3234 2858 3302 :jliat
2886 3242 3069 3289 autem
3113 3235 3556 3305 chorepiscopus
3593 3239 3661 3288 ab

2158 3346 2177 3380 ι
2210 3328 2475 3400 episcopo
2504 3327 2768 3395 civitatis,
2808 3327 2898 3382 cui
2926 3325 3244 3397 subjicitur.
3277 3344 3298 3379 ι

2136 3507 2332 3565 BALS.
2368 3508 2717 3566 Prohibitum
2750 3517 2837 3565 est
2870 3523 2899 3562 a
2923 3506 3248 3573 canonibus,
3284 3521 3354 3562 ne
3391 3507 3444 3561 in
3477 3507 3666 3578 parvis

2070 3603 2300 3659 urbibus
2325 3613 2378 3660 et
2410 3603 2545 3659 vicis
2570 3604 2701 3657 fiant
2745 3601 2989 3672 episcopi
3028 3617 3046 3670 ;
3082 3609 3138 3656 et
3190 3610 3482 3670 propterea
3538 3616 3671 3671 pre-

2070 3695 2325 3767 sbyteros
2356 3696 2411 3751 in
2441 3696 2523 3750 eis
2562 3694 2917 3759 ordinabant,
2954 3707 3050 3747 seu
3081 3700 3416 3763 protopapas
3442 3700 3496 3747 et
3530 3693 3670 3747 cbo-

2071 3788 2424 3859 repiscopos.
2484 3787 2626 3853 Quia
2690 3793 2873 3841 autem
2942 3785 3192 3840 nonnulli
3266 3785 3653 3855 cborepiscopi

2069 3879 2420 3935 conabantur
2463 3879 2722 3933 ordinare
2767 3876 3109 3945 sacerdotes,
3145 3885 3199 3932 et
3253 3876 3357 3931 alia
3414 3880 3668 3947 quaedam

376 3969 731 4039 χειροτονεῖν,
784 3966 882 4020 καὶ
951 3965 1120 4037 ἕτερά
1192 3983 1315 4022 τινα
1381 3969 1725 4027 ἐπισκοπικὰ
1777 3972 1965 4030 δίκαια

2076 3973 2192 4044 iura
2222 3962 2563 4043 episcopalia
2590 3984 2888 4035 exercere;
2921 3978 2974 4024 et
3020 3971 3275 4026 accusati
3317 3968 3576 4023 dicebant
3606 3985 3669 4025 se

380 4059 649 4127 ἐνεργεῖν,
709 4056 806 4111 καὶ
879 4057 1225 4126 αἰτιώμενοι,
1290 4058 1481 4128 ἔλεγον
1554 4062 1739 4127 καλῶς
1804 4063 1975 4120 τοῦτο.

381 4154 582 4217 ποιεῖν,
625 4150 717 4204 διὰ
786 4150 847 4204 τὸ
916 4150 1174 4216 δέξασθαι
1226 4153 1570 4223 χειροθεσίαν
1623 4156 1966 4213 ἐπισκόπου⁸

379 4240 589 4312 ὥρισαν
620 4242 670 4294 οἱ
701 4241 948 4312 Πατέρες
979 4241 1088 4295 ἀπὸ
1117 4241 1308 4295 τούτου
1362 4243 1438 4315 μὴ
1489 4244 1826 4316 ὠφελεῖσθαι
1873 4251 1970 4305 αύ-

379 4332 506 4394 τοὺς
533 4334 613 4396 εἰς
640 4332 700 4385 τὺ
733 4332 1056 4403 παρεξιέναι
1099 4333 1172 4386 τὰ
1204 4334 1314 4387 ἀπὸ
1345 4333 1457 4389 τῶν
1501 4337 1745 4394 κανόνων
1772 4340 1969 4412 ἐπιφι-

378 4420 748 4493 λοτιμηθέντα
797 4422 1011 4487 τούτοις
1056 4423 1376 4494 προνόμια,
1439 4426 1577 4497 μηδὲ
1637 4436 1969 4501 χειροτονεῖν

2072 4064 2178 4120 hoc
2207 4070 2356 4119 recte
2387 4062 2589 4127 facere,
2617 4061 2763 4132 quod
2788 4062 3031 4132 episc0pi
3066 4077 3329 4116 manuum
3361 4060 3672 4131 impositio-

2071 4169 2197 4209 nem
2225 4153 2576 4224 accepissent
2610 4170 2624 4207 :
2660 4161 2978 4208 statuerunt
3011 4153 3201 4207 Patres
3230 4168 3326 4208 eos
3357 4166 3466 4207 non
3502 4168 3570 4207 ex
3601 4167 3667 4206 eo

2071 4245 2346 4316 adjuvari,
2376 4254 2438 4301 ut
2476 4245 2794 4316 privilegia,
2828 4259 2951 4314 quae
2982 4244 3090 4300 illis
3132 4259 3162 4298 a
3200 4246 3511 4300 canonibus
3539 4260 3671 4301 eon-

2072 4353 2229 4395 cessa
2250 4347 2399 4406 sunt,
2421 4337 2921 4408 transgrediantur,
2948 4352 3052 4394 nec
3072 4338 3333 4393 ordinent
3373 4338 3669 4393 diaconum

2074 4427 2157 4482 vel
2181 4426 2563 4497 presbyterum
2604 4426 2724 4481 sine
2756 4426 3043 4497 episcopo,
3074 4426 3170 4481 sed
3208 4426 3359 4482 sulos
3401 4426 3668 4490 lectores,

380 4515 632 4569 διάκονον
658 4515 692 4584 ἢ
727 4515 1103 4586 πρεσὸύτερον
1152 4517 1275 4586 δίχα
1309 4517 1406 4571 τοῦ
1464 4518 1794 4589 ἐπισκόπου,
1826 4524 1963 4583 ἀλλὰ

2076 4520 2445 4579 subdiaconus
2470 4527 2524 4574 et
2551 4517 2882 4585 exorcistas,
2923 4519 3041 4574 slve
3075 4520 3434 4585 catechistas,
3480 4529 3535 4575 et
3574 4520 3666 4572 ad-

386 4606 582 4675 μόνους
613 4607 995 4676 ἀναγνώστας,
1025 4609 1423 4673 ὑποδιακόνους
1464 4612 1561 4665 καὶ
1605 4613 1967 4691 ἐφορκιστὰς,

382 4701 503 4769 ἢτοι
533 4700 872 4771 κατηχητὰς,
908 4700 1133 4754 διοικεῖν
1164 4718 1223 4755 τε
1253 4703 1347 4755 καὶ
1373 4702 1443 4756 τὰ
1473 4703 1812 4763 ἀνατεθέντα
1840 4713 1973 4766 τού-

382 4809 497 4856 τοις
531 4792 966 4862 ἐκκλησιαστικὰ
1002 4794 1331 4863 πράγματα,
1364 4793 1398 4865 ἣ
1457 4794 1566 4868 μὴν
1597 4798 1663 4851 ἐκ
1710 4803 1969 4873 παραδα-

386 4887 507 4951 σίας
526 4885 638 4940 τῶν
674 4884 1053 4956 διορισθέντων
1076 4885 1400 4941 ὑποκεῖσθαι
1432 4888 1756 4961 καθαιρέσει
1780 4899 1876 4948 καὶ
1900 4892 1973 4970 ἧς

389 4980 656 5049 μετέσχον
686 4979 874 5049 τιμῆς.
907 4977 1074 5031 Ἐπεὶ
1100 4978 1158 5032 δέ
1187 4995 1337 5042 τινες
1366 4980 1701 5046 ἐσπούδαζον
1728 4983 1789 5051 ἐξ
1830 4985 1970 5041 ἀλα.

386 5070 600 5135 ζονείας
648 5070 995 5142 χειροθεσίαν
1026 5071 1456 5141 χωρεπισκόπου
1490 5071 1680 5126 λαϐεῖν
1727 5075 1837 5129 ἀπὸ
1868 5095 1974 5149 μη-

385 5160 712 5232 τροπολίτου
757 5162 791 5232 ἢ
819 5161 1187 5232 πατριάρχου,
1225 5163 1301 5233 μὴ
1354 5164 1818 5234 ἐπιστρεφόμενοι
1864 5168 1983 5221 τῶν

386 5253 674 5323 ἐγχωρίων
747 5254 1102 5321 ἐπισκόπων,
1159 5253 1410 5326 ἐκωλύθη
1471 5258 1569 5308 καὶ
1618 5258 1820 5311 τοῦτο’
1879 5261 1976 5311 καὶ

388 5344 602 5416 ὡρίσθη
632 5346 766 5416 παρ’
794 5346 964 5400 αὐτοῦ
1012 5346 1321 5400 ἐπισκόπου
1352 5346 1453 5419 τῆς
1481 5347 1695 5411 πόλεως
1719 5348 1973 5417 γίνεσθαι

382 5439 478 5492 τὸν
506 5440 945 5509 χωρεπίσκοπον,
970 5440 1058 5495 ῖνα
1088 5439 1380 5493 ὑπόκειται
1404 5438 1578 5510 αὐτῷ,
1609 5443 1706 5494 καὶ
1737 5441 1815 5513 μὴ
1862 5460 1967 5497 κα-

386 5533 634 5601 ταφρονῇ
664 5533 877 5595 τούτου,
905 5532 980 5594 ὡς
1032 5532 1108 5602 μὴ
1150 5531 1445 5593 δεδωκότος
1480 5533 1631 5604 αὐτῷ
1658 5532 1759 5602 τὴν
1790 5549 1976 5604 χειρο-

390 5623 576 5678 θεσίαν
601 5626 697 5678 τοῦ
715 5623 1043 5695 ἀξιώματος.
1067 5624 1262 5687 Καλῶς
1285 5624 1345 5678 δὲ
1376 5625 1507 5694 περὶ
1534 5626 1974 5695 χωρεπισκόπων

394 5717 556 5785 μόνον
585 5716 926 5786 πεποιήκασι
955 5716 1048 5770 τὸν
1080 5715 1296 5771 ἅπαντα
1343 5714 1504 5785 λόγον
1534 5716 1583 5768 οί
1615 5715 1877 5785 Πατέρες,
1911 5717 1971 5768 ού

392 5808 501 5878 μὴν
533 5807 627 5863 καὶ
658 5809 783 5880 περὶ
818 5806 1230 5882 πρεσῦυτέρων.
1267 5808 1404 5862 Οὐδὲ
1437 5808 1545 5879 γὰρ
1572 5800 1641 5879 ἣν
1670 5805 1971 5876 ἁμφβολία

2076 4614 2395 4671 ministrent
2438 4626 2528 4668 res
2557 4612 2988 4679 ecclesiasticas,
3035 4627 3161 4682 quae
3188 4621 3319 4667 sunt
3351 4612 3471 4667 illis
3508 4614 3668 4667 attri-

2076 4706 2254 4772 butae;
2284 4705 2490 4776 alioqui
2535 4712 2761 4777 propter
2797 4719 3013 4769 eorum,
3065 4721 3191 4775 quae
3238 4706 3464 4760 deﬁnita
3516 4715 3667 4770 sunt,

2077 4796 2573 4867 transgressionem
2613 4793 2941 4864 depositioni
2976 4792 3368 4863 subjiciantur,
3398 4801 3453 4848 et
3492 4806 3521 4845 a
3567 4808 3668 4846 suo

2076 4883 2289 4938 honore
2318 4883 2596 4937 excidant.
2639 4880 2785 4948 Quia.
2826 4891 3009 4937 autem
3062 4880 3315 4937 nonnulli
3366 4886 3660 4937 contende-

2077 4975 2234 5040 bant,
2288 4981 2516 5045 propter
2566 4975 2964 5043 arrogantiam,
3016 4989 3046 5028 a
3100 4975 3527 5044 metrOpolitano
3583 4976 3668 5029 vel

2076 5069 2243 5125 etiam
2276 5068 2605 5138 jpatriarcba
2650 5067 3029 5138 cborepiscopi
3072 5069 3474 5124 ordinationem
3519 5069 3663 5122 acci-

2077 5175 2229 5233 pere,
2256 5160 2643 5231 episc0porum
2673 5159 2915 5231 regionis
2940 5161 3147 5215 nullam
3169 5174 3358 5216 curam
3379 5169 3664 5230 gerentes;

2077 5252 2183 5307 hoc
2217 5264 2438 5323 quoque
2482 5250 2823 5321 prohibitum
2860 5259 2947 5307 est
2980 5268 2996 5306 :
3028 5260 3083 5307 et
3112 5252 3429 5308 ordinatum
3464 5250 3534 5305 ab
3573 5265 3661 5304 ur-

2077 5343 2446 5414 bisepiscopo
2468 5342 2585 5397 ﬁeri
2620 5343 3107 5415 chorepiscopum,
3136 5354 3193 5400 ut
3221 5345 3272 5400 ei
3299 5343 3660 5413 subjiciatur;

2078 5452 2179 5492 nec
2213 5450 2336 5492 eum
2373 5444 2710 5501 contemnat,
2749 5447 2811 5491 ut
2853 5438 2948 5507 qui
2988 5437 3040 5493 ei
3085 5435 3367 5507 dignitatis
3410 5436 3659 5493 ordinem

2077 5544 2187 5585 nan
2234 5529 2465 5585 dederit.
2512 5526 2681 5586 Recte
2724 5537 2905 5585 autem
2953 5530 3020 5586 de
3075 5530 3209 5587 solis
3250 5529 3658 5602 cllorepisc0pis

2076 5623 2244 5677 verba
2269 5636 2486 5690 semper
2519 5622 2763 5678 fecerunt
2801 5622 3021 5688 Patres,
3062 5638 3172 5677 non
3218 5623 3382 5677 etiam
3422 5624 3488 5679 de
3539 5637 3658 5691 pre-

2076 5714 2335 5787 sbyteris.
2365 5714 2553 5787 Neque
2594 5718 2742 5770 enim
2786 5727 2903 5772 erat
2946 5716 3015 5772 dc
3062 5718 3130 5772 iis
3167 5718 3414 5782 dubium,
3462 5727 3520 5772 ut
3569 5722 3657 5788 qui

2080 5809 2286 5866 nullum
2323 5808 2525 5866 aditum
2565 5811 2908 5880 accepissent
2940 5810 3002 5866 ad
3037 5810 3440 5868 ordinationem
3495 5811 3659 5891 ullam
