4076 6404
346 314 481 379 1805

418 543 437 577 ι
482 526 720 597 ἐπαρχίᾳ
746 528 1085 594 ἐπισκόπων,
1119 530 1215 586 καὶ
1244 532 1484 602 μάλιστα
1515 535 1623 588 τῶν
1650 540 1795 591 κατά
1822 537 1924 606 τὴν

414 635 432 669 ι
486 618 843 687 μητρόπολιν,
871 621 1134 694 ὁρμήσειε
1182 626 1318 697 πρὸς
1363 626 1590 695 βασιλέα
1639 630 1923 699 ἀπελθεῖν,

412 727 433 760 ι
480 709 668 764 τοῦτον
717 713 1232 786 ἀποκηρύττεσθαι,
1284 721 1379 773 καὶ
1423 721 1735 794 ἀπόϐλητον
1779 724 1928 791 γίνε-

412 823 428 853 ι
477 802 601 855 σθαι
658 804 719 857 οὗ
768 807 933 875 μόνον
979 809 1079 878 τῆς
1125 813 1448 879 κοινωνίας,
1503 814 1640 869 ἀλλά
1687 817 1803 870 καὶ*
1824 816 1927 886 τῆς

346 960 349 963 ν
419 915 438 949 ι
483 897 664 963 ἀξίας,
689 895 758 972 ἧς
809 902 1056 974 μετέχων
1105 907 1388 976 τυγχάνει,
1444 909 1522 973 ὡς
1564 911 1927 982 παρενοχλεῖν

421 1009 440 1042 ι
483 992 775 1060 τολμῶντα
835 995 934 1058 τὰς
1011 998 1106 1051 τοῦ
1172 1000 1590 1068 θεοφιλεστάτου
1661 1004 1931 1074 βασιλέως

346 1140 347 1143 η
423 1103 443 1137 ι
489 1085 647 1155 ἡμῶν
676 1087 847 1151 ἀκοὰς
888 1090 1037 1160 παρά
1070 1092 1165 1146 τὸν
1196 1091 1399 1163 θεσμὸν
1438 1094 1541 1164 τῆς
1572 1096 1927 1167 Ἑκκλησίας.

420 1194 439 1228 ι
487 1176 550 1229 Et
594 1177 653 1230 δὲ
710 1178 988 1247 ἀναγκαία
1038 1182 1233 1255 καλοίη
1287 1186 1447 1255 χρεία
1509 1187 1650 1257 πρὸς
1700 1186 1931 1257 βασιλέα

421 1287 438 1320 ι
481 1267 685 1340 δρμᾷν,
712 1271 873 1326 τοῦτο
902 1275 1169 1345 πράττειν
1198 1278 1341 1345 μετά
1372 1278 1617 1349 σκέψεως
1657 1280 1755 1334 καὶ
1789 1281 1931 1349 γνώ-

423 1380 440 1412 σ
489 1379 597 1432 μης
647 1364 743 1417 τοῦ
793 1367 938 1421 κατὰ
983 1368 1086 1438 τὴν
1143 1372 1486 1442 μητρόπολιν
1528 1374 1627 1445 τῆς
1658 1376 1935 1445 ἐπαρχίας

416 1474 435 1509 ι
477 1459 778 1512 ἐπισκόπου
833 1462 929 1515 καὶ
972 1464 1083 1517 τῶν
1124 1467 1182 1519 ἐν
1240 1467 1417 1538 αὐτῇ,
1465 1470 1578 1532 τοῖς
1624 1485 1684 1522 τε
1725 1468 1934 1523 τούτων

421 1567 441 1601 ι
480 1550 808 1622 γράμμασιν
839 1554 1248 1623 ἐφοδιάζεσθαι.
1293 1578 1313 1612 ι

346 1686 351 1689 .
420 1644 618 1701 ΒΑΛΣ.
659 1646 719 1701 '0
752 1648 946 1719 παρὼν
975 1651 1155 1706 κανὼν
1177 1654 1471 1725 διορίζεται
1499 1656 1573 1728 μὴ
1638 1658 1799 1728 μόνον
1829 1659 1937 1726 ἀφ-

1416 322 1498 383 IN
1535 322 1700 384 CA‘N.
1744 321 1831 383 XI
1859 318 2082 383 CONC.
2114 323 2176 383 II
2207 325 2563 392 ANTIOCH.

418 454 436 486 ι
481 434 650 500 νόνος,
681 435 812 490 ἀνευ
862 435 1091 508 γνώμης
1121 438 1213 494 καὶ
1244 442 1592 511 γραμμάτων
1623 445 1734 498 τῶν
1761 446 1820 499 ἐν
1848 448 1915 515 τῇ
1947 442 1993 498 Δ

3482 332 3620 398 1306

2115 466 2135 499 ε
2168 449 2561 504 ecclesiasticae
2612 449 2812 520 regula:
2858 450 3164 521 subjectus,
3215 451 3353 506 citra
3388 464 3615 508 senten-

2111 560 2130 594 ι
2169 544 2300 597 tiam
2334 552 2391 596 et
2413 543 2623 598 litteras
2659 546 3051 614 episcoporum
3084 545 3386 614 provinciae
3417 554 3469 599 et
3505 562 3619 601 ma-

2111 653 2131 686 (
2162 639 2309 691 xime
2341 638 2913 706 metrOpolitanorum,
2941 637 3008 690 ad
3033 637 3420 702 imperatorem
3447 639 3619 706 proli—

2107 743 2124 776 ι
2157 725 2291 779 cisci
2326 741 2620 797 aggressus
2644 726 2808 781 fuerit
2839 745 2852 782 :
2886 729 2930 783 is
2959 728 3251 783 abdicetur
3277 738 3332 783 et
3363 729 3621 798 ejiciatur

2118 833 2137 867 ι
2173 832 2281 871 non
2318 817 2495 872 solum
2529 834 2560 873 a
2593 819 3005 885 communione,
3038 819 3133 875 sed
3174 820 3340 873 etiam
3378 835 3406 872 a
3440 820 3621 889 digni—

2113 925 2133 959 ι
2178 916 2310 973 tate,
2335 911 2495 979 cujus
2526 918 2609 967 est
2641 912 2954 981 particeps;
2996 920 3055 964 ut
3085 911 3177 979 qui
3210 910 3620 981 religiosissimi

2115 1020 2133 1054 ι
2183 1002 2534 1073 imperatoris
2577 1005 2750 1059 nostri
2803 1003 3030 1059 auribus
3076 1003 3381 1058 molestiam
3429 1002 3625 1058 all'erre

2117 1114 2135 1146 ι
2169 1095 2368 1150 audeat
2399 1106 2598 1166 praeter
2631 1096 2797 1155 ritum
2824 1095 3102 1151 Ecclesiae.
3138 1095 3197 1150 Si
3226 1105 3407 1151 autem
3437 1111 3629 1152 neces-

2115 1209 2134 1243 ι
2168 1191 2348 1247 sarius
2376 1206 2507 1247 usus
2543 1192 2745 1259 exigat,
2787 1197 2847 1245 ut
2872 1187 2940 1243 ad
2971 1191 3361 1258 imperatorem
3390 1203 3450 1243 se
3489 1203 3626 1243 con-

2121 1303 2139 1337 ι
2184 1285 2343 1348 lerat,
2394 1284 2447 1338 id
2500 1292 2623 1353 agat
2664 1299 2790 1339 cum
2821 1283 3220 1337 deliberatione
3263 1289 3316 1335 et
3347 1282 3626 1336 sententia

2130 1399 2148 1431 ι
2193 1378 2596 1447 metropolitani
2650 1377 2969 1448 provinciae,
3003 1386 3058 1430 et
3101 1376 3485 1445 episcoporum
3532 1373 3627 1441 qui

2109 1490 2129 1525 ι
2162 1480 2292 1528 sunt
2330 1470 2385 1525 in
2415 1486 2516 1537 ea;
2566 1485 2872 1540 eorumque
2899 1470 3103 1525 litteris
3132 1468 3382 1523 munitus
3407 1463 3632 1536 proﬁci-

2122 1588 2142 1621 ι
2185 1575 2391 1624 scatur.
2435 1585 2453 1619 ι

2116 1657 2310 1713 BALS.
2332 1658 2582 1714 Praesens
2642 1671 2817 1713 canon
2851 1654 3121 1719 decernit,
3170 1667 3275 1707 non
3306 1650 3485 1706 solum
3537 1660 3633 1702 se-

347 1735 654 1847 r:pi§e:0az,
685 1740 821 1795 ἀλλά
854 1743 947 1795 καί
994 1745 1375 1816 καθαιρεῖσθαι
1418 1749 1545 1814 τοὺς
1586 1751 1668 1813 είς
1712 1751 1937 1821 βασιλέα

2055 1754 2282 1825 gregari,
2303 1751 2396 1807 sed
2415 1753 2575 1807 etiam
2597 1751 2795 1820 deponi
2824 1749 3113 1819 episcopos
3142 1747 3228 1800 vel
3251 1743 3510 1806 clericos,
3537 1741 3632 1811 qui

349 1830 764 1902 ἀπερχομένους
791 1837 1130 1904 ἐπισκόπους
1158 1841 1190 1910 ἢ
1220 1842 1523 1912 κληρικοὺς
1566 1842 1697 1897 ἀνευ
1745 1860 1937 1913 γραμ-

2055 1843 2113 1898 ad
2152 1843 2541 1913 imperatorem
2584 1840 3037 1911 proﬁciscuntur,
3087 1838 3208 1892 sine
3258 1834 3459 1889 litteris
3514 1833 3635 1901 cpi-

354 1924 540 1992 μάτων
565 1926 661 1980 τοῦ
691 1930 833 1983 κατά
868 1931 1053 2003 χώραν
1084 1935 1413 2001 ἐπισκόπου,
1449 1937 1545 1991 καὶ
1579 1938 1817 2007 μάλιστα
1839 1937 1935 1991 τοῦ

2046 1935 2201 2004 scopi
2253 1933 2514 2003 regionis,
2559 1940 2612 1987 et
2661 1933 2900 1985 maxime
2939 1927 3373 1997 metropolitani,
3418 1935 3476 1979 ut
3538 1923 3635 1993 qui

354 2018 797 2086 μητροπολίτου,
840 2023 916 2086 ὡς
980 2027 1455 2098 παρενοχλοῦντας
1504 2029 1603 2094 τὰς
1649 2030 1940 2099 βασιλικὰς

2055 2028 2398 2096 imperatoris
2416 2026 2643 2080 auribus
2677 2024 2979 2079 molestiam
3000 2020 3314 2084 exhibeant,
3333 2026 3529 2089 prmter
3549 2032 3636 2082 ea,

351 2109 521 2170 ἀκοὰς
553 2113 705 2182 παρά
736 2113 806 2166 τὰ
836 2115 1135 2195 δεδογμένα
1157 2122 1221 2191 τῇ
1257 2121 1556 2194 Ἐκκλησία
1578 2138 1590 2150 ·
1624 2123 1936 2190 ἀναγκαίας

352 2201 408 2255 δὲ
456 2205 833 2276 προκειμένης
880 2209 1097 2273 αἰτίας,
1148 2217 1480 2284 παραχωρεῖ
1528 2215 1665 2286 πρὸς
1714 2215 1941 2285 βασιλέα

352 2297 541 2366 ὁρμᾷν
563 2299 703 2366 μετά
732 2301 1012 2370 ἐγγράφου
1044 2306 1410 2377 ἐκχωρήσεως
1436 2310 1743 2373 συνοδικῆς.
1779 2309 1942 2363 Ἀνά-

353 2391 524 2454 ¹γνωθι
561 2391 661 2461 τῆς
706 2395 765 2448 ἐν
813 2396 1051 2468 Σαρδικῇ
1100 2400 1320 2453 συνόδου
1364 2404 1601 2466 κανόνας
1651 2403 1720 2469 ζ’,
1770 2401 1842 2471 η’,
1873 2401 1940 2466 θ’,

356 2489 463 2548 καν,
492 2484 588 2538 καὶ
634 2488 737 2557 τῆς
778 2491 837 2543 ἐν
885 2492 1217 2565 Καρθαγένῃ
1263 2495 1464 2549 κανόνα
1514 2495 1625 2566 ρς-’.
1678 2495 1835 2550 Ἐπεὶ
1886 2497 1944 2550 δέ

353 2585 500 2631 τινες
530 2572 644 2643 (47)
669 2575 780 2630 τῶν
809 2579 1076 2650 ῥημάτων
1116 2583 1212 2636 τοῦ
1256 2585 1525 2653 παρόντος
1594 2587 1820 2649 κανόνος
1852 2587 1943 2652 ἐξ-

355 2663 612 2733 ικόμενοι
662 2669 783 2737 (τῆς
832 2672 941 2742 γὰρ
992 2675 1201 2738 ἐννοίας
1252 2677 1688 2749 ἀποδιίστανται)
1729 2679 1946 2733 θέλουσι

355 2754 486 2817 τοὺς
540 2756 916 2829 ἐνδημοῦντας
960 2765 1246 2835 ἀρχιερεῖς
1292 2770 1373 2832 είς
1421 2769 1522 2840 τὴν
1571 2769 1682 2822 τῶν
1732 2772 1945 2825 πόλεων

361 2845 755 2915 βασιλεύουσαν
805 2857 947 2925 μετά
996 2859 1255 2930 είδήσεως
1300 2861 1395 2915 καὶ
1453 2862 1777 2932 προτροπῆς
1834 2882 1942 2918 πα-

270 2986 278 2996 .
357 2944 713 3013 τριαρχικῆς,
738 2948 833 2998 καὶ
868 2948 943 3018 μὴ
976 2950 1174 3015 ἄλλως,
1211 2955 1292 3014 είς
1331 2953 1600 3021 βασιλέως
1628 2955 1948 3025 προσκύνηο

362 3050 447 3086 σιν
476 3037 833 3106 ἀπέρχεσθαι,
854 3042 1035 3109 φαμὲν
1066 3044 1149 3096 ὅτι
1178 3045 1244 3098 τά
1271 3045 1366 3099 τοῦ
1396 3046 1665 3116 παρόντος
1698 3047 1943 3112 κανόνος,

2049 2139 2173 2194 quaa
2200 2132 2328 2177 sunt
2360 2124 2427 2176 ab
2452 2120 2695 2175 Ecclesia
2723 2120 2942 2173 decreta
2978 2134 2992 2170 :
3020 2118 3063 2170 si
3100 2122 3285 2168 autem
3323 2110 3637 2166 necessaria

2051 2220 2123 2275 sit
2161 2234 2329 2273 causa
2374 2216 2687 2286 proposita,
2735 2212 2986 2268 concedit
3028 2217 3085 2263 ut
3134 2208 3202 2262 ad
3250 2206 3635 2273 impcraIOrem

2051 2311 2473 2381 proﬁciscantur
2520 2323 2646 2362 cum
2688 2306 2904 2375 ,litteris
2964 2303 3219 2357 mandata
3264 2289 3640 2369 perr'nissione

2052 2405 2485 2479 synodali.Lege
2510 2400 2860 2458 Sardicensis
2887 2397 3083 2471 synodi
3122 2408 3366 2449 canones
3406 2390 3458 2455 7,
3493 2389 3550 2454 8,
3583 2388 3641 2449 9,

2053 2500 2144 2563 12,
2175 2508 2227 2553 et
2255 2495 2986 2565 Carthaginensiscanonem
3014 2486 3132 2542 106.
3159 2485 3429 2552 Quoniam
3460 2488 3641 2534 autem

2053 2586 2302 2649 nonnulli
2354 2589 2536 2645 verbis
2588 2586 2875 2653 prtesentis
2919 2582 3151 2638 canonis
3202 2578 3551 2631 adhaerentes
3590 2570 3646 2643 (ει

2054 2686 2325 2744 sententia
2357 2684 2503 2738 enim
2534 2683 2697 2752 longe
2731 2676 2956 2745 absunt)
2994 2674 3272 2729 antistites.
3304 2671 3521 2729 volunt,
3552 2665 3651 2752 qui

2055 2781 2109 2834 in
2140 2780 2328 2847 regina
2370 2775 2586 2829 urbium
2631 2778 2947 2831 versantur,
2977 2782 3105 2821 cum
3156 2762 3385 2818 scientia
3430 2766 3485 2812 et
3513 2750 3654 2825 ,μειδ-

2055 2862 2320 2925 missione
2347 2864 2693 2935 patriarcha,
2715 2872 2768 2915 et
2799 2874 2905 2914 non
2934 2858 3120 2919 aliter,
3158 2855 3224 2907 ad
3254 2851 3647 2920 imperatorem

2057 2961 2404 3018 salutandum
2469 2955 2741 3027 proﬁcisci
2797 2969 2811 3005 :
2862 2953 3123 3014 dicimus,
3166 2946 3314 3018 quod
3366 2960 3488 3013 quae
3549 2944 3655 2997 hoc

2057 3070 2269 3112 canone
2324 3051 2701 3114 continentur,
2759 3058 2815 3100 et
2864 3045 3075 3113 reliqua
3144 3054 3383 3110 quorum
3444 3037 3538 3091 hic
3594 3035 3654 3089 lit

362 3129 457 3182 καὶ
490 3130 599 3183 τῶν
627 3130 831 3187 λοιπῶν
880 3134 990 3186 τῶν
1041 3136 1276 3190 ἐνταῦθα
1312 3136 1810 3208 μνημονευομένων
1839 3141 1946 3210 χώ-

2057 3148 2262 3206 mentio
2294 3147 2474 3199 locum
2513 3143 2737 3205 habent,
2789 3138 3010 3207 quando
3069 3135 3302 3188 antistes
3340 3146 3370 3183 a
3404 3144 3503 3185 sua
3566 3142 3655 3181 re-

367 3238 466 3291 ραν
492 3222 729 3293 ἔχουσιν,
773 3228 822 3279 εί
854 3229 881 3279 ό
913 3228 1211 3297 ἀρχιερεὺς
1260 3231 1371 3285 ἀπὸ
1409 3232 1509 3302 τῆς
1536 3231 1813 3304 λαχούσης
1846 3234 1951 3287 αὐ-

362 3313 459 3366 τοῦ
527 3315 875 3389 αὐθόρμητος
928 3322 1011 3383 είς
1080 3321 1307 3391 βασιλέα
1356 3324 1605 3396 ἀπέλθῃ·
1656 3327 1787 3380 ὅταν
1842 3326 1955 3398 γὰρ

367 3406 575 3478 ἐνδημῇ
632 3411 688 3461 ἐν
737 3412 805 3481 τῇ
868 3411 1255 3487 βασιλευούσῃ,
1314 3417 1413 3470 καὶ
1469 3416 1613 3470 κατὰ
1671 3417 1955 3487 βασιλικὸν

363 3498 595 3566 ὁρισμὸν
618 3499 649 3570 ἢ
676 3500 819 3555 κατὰ
870 3504 1282 3576 πατριαρχικὴν
1318 3509 1627 3579 ἐπιτροπὴν
1655 3509 1957 3575 ἀκωλύτως

369 3594 745 3665 προσκυνήσει
796 3596 889 3650 τὸν
933 3597 1158 3667 βασιλέα
1212 3601 1306 3653 καὶ
1344 3600 1659 3671 ὑπομνήσει
1709 3606 1842 3674 περὶ
1880 3597 1957 3658 ὧν

369 3682 646 3751 βούλεται.
676 3687 749 3740 Τὸ
779 3689 837 3742 δέ
874 3691 1015 3759 μετά
1045 3691 1327 3760 βασιλικδν
1352 3694 1583 3764 ὁρισμὸν
1608 3694 1955 3767 ἀπέρχεσθαι

365 3774 496 3838 τοὺς
547 3779 864 3849 ἀρχιερεῖς,
917 3780 1048 3835 ἔνθα
1105 3783 1173 3836 ἂν
1232 3785 1631 3854 προσταχθεῖεν
1682 3787 1775 3839 καὶ
1833 3787 1958 3857 δίχα

372 3869 662 3940 συνοδικῆς
713 3874 996 3943 είδήσεως,
1034 3875 1093 3929 ἐν
1141 3876 1425 3946 διαφόροις
1476 3879 1728 3933 κανόνων
1776 3880 1958 3951 ἑρμη-

378 3962 540 4027 θείαις
573 3964 838 4038 ἐδηλώθη,
875 3970 968 4022 καὶ
997 3970 1059 4022 οὐ
1089 3970 1195 4042 χρὴ
1222 3972 1370 4041 ἡμᾶς
1402 3972 1776 4041 ταυτολογεῖν.

451 4055 700 4111 ΖΩΝΑΡ.
725 4059 786 4110 El
813 4060 888 4129 μὴ
916 4062 999 4113 ὅτι
1027 4063 1181 4116 πᾶσα
1217 4064 1458 4135 ἀνάγκη,
1491 4064 1555 4117 οὑ
1585 4063 1875 4134 βούλονται
1908 4068 1957 4121 oi

2057 3244 2215 3314 gione
2235 3248 2432 3308 sponte
2457 3252 2555 3291 sua
2581 3236 2646 3289 ad
2673 3234 3056 3303 imperatorem
3078 3226 3361 3297 prolectus
3383 3233 3488 3278 est.
3513 3222 3653 3276 Cum

2056 3313 2202 3392 enim
2229 3335 2282 3388 in
2307 3331 2528 3387 urbium
2546 3328 2732 3397 regina
2752 3333 3022 3385 versetur,
3047 3321 3133 3374 vel
3179 3313 3654 3387 imperatorisjus-

2058 3448 2145 3496 su,
2178 3430 2259 3484 vel
2285 3421 2634 3497 patriarchali
2656 3418 3043 3487 permissione.
3065 3412 3203 3468 citra
3223 3412 3394 3466 ullum
3418 3408 3655 3478 impedi-

2059 3532 2302 3580 mentum
2344 3521 2726 3588 imperatorcm
2762 3511 3085 3571 conveniet,
3124 3517 3179 3561 et
3228 3521 3378 3570 eum,
3432 3503 3653 3557 illorum

2058 3632 2183 3689 quae.
2216 3612 2471 3675 voluerit,
2506 3604 2843 3660 admonebit.
2884 3599 3240 3670 Imperatoris
3268 3606 3451 3652 autem
3495 3597 3656 3665 jussu

2059 3704 2335 3781 proﬁcisci
2367 3699 2666 3762 antistites,
2689 3710 2797 3766 quo
2816 3693 2954 3762 jussi
2979 3689 3205 3755 fuerint,
3229 3690 3394 3743 etiam
3420 3689 3538 3743 sine
3567 3703 3660 3758 sy-

2060 3799 2247 3857 nodali
2296 3808 2595 3856 consensu,
2648 3788 2697 3840 in
2732 3783 2970 3839 diversis
3013 3798 3287 3839 canonum
3327 3783 3659 3849 interpreta-

2060 3892 2308 3947 tionibus
2350 3888 2685 3943 declaratum
2719 3892 2838 3949 est;
2888 3895 2991 3937 nec
3034 3886 3164 3933 sunt
3195 3891 3259 3930 ea
3304 3889 3332 3928 a
3367 3872 3531 3927 nobis
3564 3886 3656 3925 re-

2061 3983 2721 4144 pe:3;:R.Episcopos
2764 4070 3157 4139 imperatorem
3203 4061 3381 4124 adire,
3423 4058 3661 4128 ejusque

370 4149 597 4213 κανόνες
630 4152 759 4215 τοὺς
785 4154 1123 4217 ἐπισκόπους
1153 4156 1566 4227 προσέρχεσθαι
1604 4158 1835 4228 βασιλεῖ,
1863 4160 1947 4213 καλ

2066 4188 2227 4229 aures
2272 4170 2496 4240 privatae
2536 4165 2614 4221 rei
2660 4177 2827 4219 causa
2868 4156 3203 4229 importunis
3250 4154 3514 4225 precibus
3560 4149 3664 4203 ob—

371 4241 608 4312 ἐνοχλεῖν
635 4244 783 4314 αὑτῷ
812 4246 955 4317 ὑπὲρ
986 4248 1205 4302 οἰκείων
1245 4251 1513 4321 δεήσεων.
1555 4253 1719 4307 Ἀλλά
1748 4254 1844 4307 καὶ⁵
1871 4255 1947 4308 ὅτε

2067 4264 2319 4328 tundere,
2346 4260 2450 4315 nisi
2479 4272 2603 4313 cum
2639 4255 2690 4310 id
2728 4268 2954 4325 prorsus
2987 4248 3303 4304 necessario
3342 4242 3658 4298 iaciendum

378 4332 562 4401 μέλλοι
615 4352 701 4398 τις
747 4336 1046 4406 ἀναγκαῖόν
1099 4359 1153 4394 τι
1206 4343 1526 4412 ἀνενεγκεῖν
1578 4345 1823 4416 βασιλεῖ,
1886 4350 1947 4420 μ’)

2066 4357 2158 4422 sit,
2190 4366 2427 4410 canones
2450 4347 2592 4402 haud
2630 4344 2845 4401 sinunt.
2888 4341 3094 4397 Verum
3126 4347 3181 4393 et
3211 4336 3257 4391 si
3305 4332 3528 4403 quando
3560 4329 3662 4383 ali-

374 4424 714 4521 ἀπέρχεσθαι
738 4428 867 4483 ἄνευ
894 4430 1121 4502 γνώμης
1155 4432 1271 4511 τῶν¹
1310 4435 1411 4505 τῆς
1440 4436 1708 4508 ἐπαρχίας
1736 4439 1947 4493 ἐπισκό-

2069 4450 2200 4521 quid
2251 4446 2317 4500 ad
2371 4428 2755 4512 imperatorem
2810 4434 3030 4491 deferre
3086 4431 3360 4502 quispiam
3430 4438 3663 4480 necesse

374 4534 515 4585 πων,
550 4520 645 4589 ἀφ’
672 4517 742 4592 ἧς
775 4524 869 4576 καλ⁵
913 4526 940 4578 ό
988 4525 1252 4580 ἀπελθεῖν
1300 4528 1515 4597 μέλλων
1543 4530 1681 4597 ἐστὶ,
1720 4531 1947 4601 μάλιστα

2074 4516 2350 4603 habuerit,
2383 4536 2485 4589 nisi
2520 4534 2639 4602 ejus
2664 4529 2986 4599 provincire,
3018 4541 3085 4581 ex
3113 4539 3218 4593 qua
3255 4522 3371 4589 ipse
3401 4526 3509 4579 est,
3543 4516 3666 4592 epi-_

378 4612 430 4665 δὲ
463 4612 557 4666 τοῦ
594 4617 998 4685 μητροπολίτου
1040 4620 1139 4687 τῆς
1171 4620 1444 4691 ἐπαρχίας
1470 4621 1709 4693 ἐκείνης.
1762 4625 1867 4678 Τὸν
1906 4625 1947 4678 δί

2075 4632 2284 4701 scopis,
2319 4644 2382 4684 ac
2424 4624 2847 4693 metropolitano
2883 4617 3189 4688 praesertim
3232 4608 3481 4680 ejusdem
3531 4621 3663 4676 pro-

369 4705 697 4775 ὁρμήσαντα
728 4707 900 4777 χωρὶς
929 4708 1156 4781 γνώμης
1192 4710 1302 4782 (48)
1329 4713 1425 4765 καὶ
1465 4716 1819 4784 γραμμάτων
1864 4715 1947 4770 toi

2072 4699 2269 4776 vincite
2313 4714 2715 4774 consentiente,
2770 4707 3043 4779 proﬁcisci
3099 4712 3312 4759 vetant.
3372 4699 3474 4765 Qui
3534 4712 3665 4751 vero

381 4798 787 4867 μητροπολίτου
821 4799 1081 4854 ἀπελθεῖν
1112 4804 1251 4872 πρὸς
1283 4804 1509 4873 βασιλέα
1541 4807 1947 4878 καθαιρεῖσθαι.

2076 4815 2287 4883 absque
2321 4804 2728 4876 metropolitani
2755 4816 3029 4858 consensu
3069 4813 3131 4851 ac
3162 4795 3359 4851 litteris
3388 4794 3453 4847 ad
3494 4794 3666 4860 impe-

391 4889 448 4942 Ὀ
497 4890 554 4943 δὲ
601 4891 702 4961 τῆς
747 4895 805 4945 ἐν
853 4893 1087 4963 Σαρδικῇ
1135 4896 1355 4947 συνόδου
1394 4894 1441 4959 ζ’
1465 4896 1649 4951 κανὼν
1682 4900 1776 4952 καὶ
1807 4905 1881 4971 η’,
1915 4916 1940 4951 ε

2069 4915 2310 4962 ratorem
2363 4901 2515 4955 adire
2561 4898 2618 4952 in
2671 4895 2916 4951 animum
2972 4890 3272 4953 induxerit,
3317 4885 3667 4957 depositione

380 4983 469 5037 διὰ
494 4984 753 5057 βοήθειαν
784 4988 971 5059 χηρῶν
1003 4988 1098 5041 καὶ
1126 4988 1384 5059 ὀρφανῶν
1434 4991 1528 5044 καὶ
1559 4993 1831 5062 πενήτων,
1871 4996 1947 5047 κα

2070 4997 2290 5054 multari
2325 4996 2543 5067 jubent.
2583 4988 2925 5046 Sardicensis
2980 5001 3114 5041 vero
3164 4981 3360 5052 synodi
3417 4993 3664 5034 canones

380 5076 589 5131 λαῖκῶν
623 5080 1087 5150 προσφευγὸντων
1113 5084 1178 5151 τῇ
1212 5082 1484 5154 ἐκκλησία
1513 5082 1895 5155 ἀδικουμένων
1926 5089 1947 5141 ἲ

2072 5092 2104 5144 7
2160 5096 2213 5143 et
2245 5087 2277 5142 8
2339 5085 2624 5156 episcopo,
2674 5091 2733 5137 ut
2775 5081 3067 5135 viduarum
3114 5075 3561 5147 pupillorumque
3614 5078 3669 5124 et

383 5172 1010 5244 καταδυναστευομένων
1053 5172 1086 5245 ἦ
1130 5172 1629 5245 ἀποστερουμένων
1671 5177 1783 5231 τῶν
1835 5179 1947 5251 ἀνη·

2078 5193 2383 5253 pauperum
2416 5164 2639 5230 causam
2670 5179 2815 5243 agat,
2850 5185 2914 5224 ac
2950 5168 3109 5224 laicis
3144 5165 3547 5238 patrocin‘ctur,
3571 5161 3667 5232 qui

1649 5315 1840 5379 Guill.
1874 5319 2204 5401 Beveregii
2236 5326 2431 5382 notua.

454 5465 568 5590 £47)
607 5463 773 5545 Ἐπεὶ
808 5465 875 5519 δέ
903 5481 1087 5533 τινες.
1130 5464 1257 5519 llaec
1286 5480 1463 5534 usque
1506 5465 1570 5518 ad
1610 5464 1769 5521 linem
1795 5468 1947 5538 hujus

454 5559 458 5589 l
487 5551 733 5590 samunis
760 5537 1232 5590 interpretationis
1263 5550 1330 5589 ex
1364 5551 1469 5590 ms.
1505 5535 1804 5590 Bodleiano
1831 5556 1947 5590 sun-

2064 5472 2349 5542 sequentia
2383 5470 2614 5526 Zonarae
2642 5465 2807 5520 verba
2832 5464 3008 5519 codex
3035 5454 3512 5515 Amerbachianus
3540 5449 3664 5518 ple-

2063 5545 2192 5590 nius
2227 5544 2309 5590 sic
2342 5542 2495 5590 lenii-
2523 5541 2618 5590 τὸν
2648 5539 2706 5590 δὲ
2734 5536 3061 5590 ὁρμήσαντα
3096 5527 3326 5590 γνώμης
3362 5524 3537 5590 χωρὶς
3569 5520 3664 5573 καὶ

385 5520 733 5620 Balsamunis
760 5520 1232 5620 interpretationis
1263 5550 1330 5589 ex
1359 5520 1947 5620 insnBodleianosup:

2648 5539 2706 5590 δέ
2734 5536 2881 5620 όιριμή
2891 5549 3066 5620 σαντα
3096 5527 3326 5620 γνῇ

380 5608 656 5686 plevimus
689 5622 703 5660 :
733 5592 1090 5686 sedeistant
1131 5608 1298 5686 etiam
1357 5607 1412 5686 in
1468 5592 1947 5686 Amerbachianor;

2061 5592 2937 5686 γρνάυμιίιίᾱιτων)ξί’μιέιιτρςνλςτολίξδόυ⁸
2979 5602 3074 5655 καὶ
3107 5592 3118 5596 “
3152 5592 3670 5686 αἰῶν’,

386 5659 611 5752 {necnon
638 5659 698 5731 in
721 5659 963 5752 iam;
988 5659 1006 5744 ;*
1030 5659 1201 5732 “nam
1219 5659 1228 5660 ί
1247 5659 1556 5732 Gemianus
1593 5659 1947 5736 aet-tanta?

2058 5659 2770 5752 ἀξιὲῐοέῑν”τὶρδς⁷βᾶὸῗλέά,
2806 5673 3100 5733 ἐκπίπτειν
3132 5668 3236 5741 τῆς
3292 5665 3452 5733 ἀξίας
3491 5659 3690 5746 αὐτοῦ.

387 5748 561 5827 ιθψῖἓ
594 5747 801 5827 19"";
858 5821 871 5827 -
975 5816 988 5827 .
1348 5819 1358 5827 _
1527 5818 1541 5827 ,
1749 5819 1790 5827 __
2063 5755 2183 5827 ἦτοι
2218 5747 2631 5825 καθαιρεῖσθαι.

458 5820 567 5890 (48)
597 5818 708 5873 Τὸν
741 5818 807 5873 δὲ
840 5816 1192 5889 ὁρμήσαντα
1220 5819 1398 5890 χωρίς
1432 5818 1688 5891 γνώμης.
1748 5819 1873 5879 Haec
1904 5832 1956 5880 et
