4052 6430
332 348 347 368 --
402 327 535 391 1307
1674 328 1949 420 Tusco.
1992 329 2006 388 ι

2126 329 2397 391 .8ΑΜΟΝ
3543 327 3692 395 1308

398 460 457 498 se
487 457 585 516 per
610 442 868 515 injuriam
914 458 946 499 a
996 442 1400 514 potentioribus
1446 442 1705 514 apprimi,
1771 458 1982 513 suaque

2129 444 2301 498 όντων
2334 446 2542 512 αὐτοῖς,
2575 446 2608 519 ἢ
2645 445 2740 501 καὶ
2769 445 3192 517 περιορισθῆναι
3217 444 3307 499 διὰ
3356 445 3696 516 πταίσματα

398 538 502 592 sibi
520 537 718 605 injuste
735 536 866 606 eripi
886 544 1213 605 queruntur,
1237 544 1637 607 proptereaque
1654 537 1723 592 ab
1743 536 1989 592 Ecclesia

2126 540 2647 605 ιαταδικασθὲντων,
2697 541 3018 613 προσελθεῖν
3086 538 3265 593 ἐθέλοι
3315 539 3395 610 τῷ
3449 538 3695 609 βασιλεῖ,

398 629 503 684 sibi
549 627 709 699 441
763 627 1025 681 auxilium
1074 636 1401 697 exposcunt,
1448 636 1543 683 aut
1573 629 1737 683 etiam
1787 627 1989 698 quibus

2128 630 2404 702 κχωροῦσι
2428 631 2505 704 τῷ
2536 632 2765 702 τοιούτῳ
2798 632 3019 687 ἀπιέναι
3046 644 3062 662 ·
3094 630 3300 698 μᾶλλον
3337 629 3394 682 δὲ
3435 629 3698 684 διάκονον

399 722 470 777 ob
513 721 724 791 aliquas
753 720 934 776 delicti
973 719 1308 776 offensiones
1335 721 1517 777 exsilii
1552 736 1711 790 ptena
1748 721 1987 789 irrogata

2126 722 2338 776 τέλλειν
2368 725 2570 779 οἰκεῖον
2591 725 2730 795 πρὸς
2763 724 2856 777 τὸν
2886 723 3115 793 βασιλέα
3154 722 3295 792 μετὰ
3329 724 3697 792 γραμμάτων

399 823 507 878 est,
548 814 932 883 imperatorem
975 812 1211 868 adeundi
1247 813 1562 869 facultatem
1620 827 1747 869 esse
1792 813 1983 868 decer-

2127 815 2176 877 ίς
2210 816 2537 886 ἐπικουρίαν
2561 817 2669 870 τῶν
2698 816 3158 888 προσφευγόντων
3184 815 3252 884 τῇ
3291 811 3617 884 Ἐκκλησία.

402 915 534 962 uunt
573 908 910 963 :diaconum
935 914 1120 965 tamen
1175 910 1361 981 potius
1401 926 1527 967 cum
1571 910 1769 966 litteris
1813 923 1976 965 suum
2017 909 2085 965 ad
2130 910 2518 981 imperatorem
2551 912 2715 978 mitti,
2746 925 2923 981 eoque
2963 915 3127 980 pacto
3206 907 3469 962 Ecclesia:
3512 976 3531 1003 χ
3558 924 3702 978 sup-

402 1001 635 1070 plicibus
658 1000 913 1072 opitulari
948 1002 1148 1072 placet.
1912 997 1919 1005 ’

398 1096 627 1155 ARIST.
666 1117 686 1150 ι
727 1098 1035 1169 Episcopus
1066 1099 1149 1155 vel
1182 1100 1488 1171 presbyter,
1516 1099 1613 1171 qui
1641 1115 1740 1154 sua
1771 1108 1991 1170 sponte,

476 1209 495 1243 ι
528 1198 585 1246 et
621 1206 727 1245 non
762 1190 1061 1259 provinciae
1088 1192 1501 1262 metropolitani
1528 1191 1691 1262 jussu
1757 1191 1994 1261 impera-

487 1300 505 1333 ι
556 1290 732 1337 torem
780 1281 918 1348 adit,
946 1283 1334 1339 communione
1374 1284 1581 1354 pariter
1622 1296 1687 1338 ac
1719 1282 1993 1353 dignitate

482 1390 501 1423 ι
538 1374 780 1428 excidat.
822 1393 840 1427 ι

2091 1095 2318 1149 ΔΡΙΣΤ.
2390 1110 2409 1147 ι
2465 1096 2525 1150 Ὀ
2558 1094 2801 1168 προσιὼν
2832 1096 3162 1166 αὐτομάτως
3187 1094 3268 1165 τῷ
3305 1092 3520 1162 βασιλεῖ
3559 1092 3702 1146 ἐπί-⁹

2174 1205 2193 1239 (
2239 1203 2464 1251 σκοπος,
2512 1188 2545 1259 ἢ
2595 1188 2990 1259 πρεσϐύτερος,
3048 1188 3144 1241 καὶ
3192 1187 3319 1257 οὐχὶ
3368 1184 3706 1248 κελευσθεὶς

2169 1298 2189 1333 ι
2234 1280 2391 1350 παρὰ
2422 1280 2517 1333 τοῦ
2562 1280 2661 1350 τῆς
2711 1281 2898 1352 χώρας
2944 1279 3373 1352 μητροπολίτου,
3410 1279 3550 1349 μετᾶ
3588 1277 3705 1348 τῆς

2173 1392 2191 1426 ι
2234 1372 2522 1437 κοινωνίας
2547 1373 2863 1427 ἐκπιπτέτω
2895 1375 2989 1429 καὶ
3017 1373 3119 1443 τῆς
3149 1373 3330 1437 ἀξίας.
3375 1391 3394 1424 ι
3708 1372 3726 1473 ί

476 1460 912 1519 lnohedientiam
962 1466 1016 1520 in
1067 1468 1328 1524 omnibus
1374 1468 1630 1524 tollentes
1684 1468 1893 1534 Patres,
1937 1473 1993 1522 et

2170 1464 2244 1519 Τδ
2269 1466 2647 1518 ἀνυπότακτον
2674 1468 2732 1519 ἐν
2765 1467 2935 1520 πᾶσιν
2968 1468 3016 1519 οἱ
3051 1464 3303 1536 Πατέρες
3327 1481 3395 1516 πε
3406 1462 3702 1533 ριαιροῦν-

402 1557 1040 1625 οοιιειὶιιιιιιηιῗοηίἰηοηι
1062 1569 1474 1627 conservantes,
1495 1561 1785 1631 prohibent
1807 1569 1860 1616 et
1879 1561 1993 1631 epi-

2126 1574 2210 1621 sg,
2241 1557 2336 1610 καὶ
2382 1556 2441 1610 τὸ
2492 1557 2760 1611 εὔτακτον
2814 1555 3237 1628 συντηροῦντες,
3268 1556 3544 1609 κωλύουσι
3596 1555 3703 1607 καὶ

403 1662 623 1717 scapos,
651 1657 705 1702 et
729 1649 1077 1720 presbyteros
1112 1660 1165 1706 et
1195 1651 1334 1708 alios
1356 1651 1594 1722 catalogi
1628 1651 1992 1707 sacerdotalis

2130 1648 2223 1713 οὺς
2249 1649 2611 1714 ἐπισκόπους,
2640 1651 2736 1703 καὶ
2776 1650 2906 1712 τοὺς
2959 1648 3402 1719 πρεσϐυτέρους,
3434 1649 3528 1700 καὶ
3560 1647 3701 1711 τοὺς

402 1737 523 1791 sine
553 1738 808 1806 primatis
839 1740 925 1795 sui
959 1739 1161 1797 litteris
1190 1758 1371 1813 regem
1407 1741 1562 1798 adire
1601 1751 1657 1799 ct
1682 1758 1846 1799 aures
1870 1741 1991 1809 ejus

2126 1737 2293 1802 ἱλλους
2322 1738 2419 1792 τοῦ
2455 1740 2732 1809 ἱερατικοῦ
2780 1713 3094 1808 καταλόγου
3143 1713 3275 1794 ἄνευ
3332 1739 3699 1809 γραμμάτων

402 1828 716 1894 obturbare,
743 1839 795 1887 et
826 1832 1128 1904 quidquam
1161 1833 1228 1889 de
1253 1834 1529 1905 aliquibus
1557 1835 1786 1891 referre.
1819 1835 1884 1890 Et
1910 1833 1995 1889 id-

404 1920 552 1974 circo
581 1936 705 1976 eum
733 1924 827 1993 qui
851 1924 971 1980 sine
1004 1926 1177 1991 illius,
1199 1927 1294 1996 qui
1328 1928 1628 1995 provincia:
1662 1927 1988 1998 metropolis

403 2021 487 2068 est
532 2013 847 2083 episcopus,
889 2018 1165 2072 sententia
1210 2034 1395 2089 regem
1441 2019 1574 2084 adit,
1625 2029 1680 2075 et
1725 2019 1992 2091 dignitate

403 2105 601 2176 deponi
629 2107 846 2177 jubent,
883 2119 936 2164 et
962 2123 994 2163 a
1028 2111 1422 2166 communione
1458 2112 1654 2168 arceri.

1014 2372 1245 2429 CANON
1275 2374 1397 2432 XII.

411 2477 430 2510 ι
462 2458 516 2514 Si
540 2462 665 2531 quis
699 2462 982 2534 presbyter
1006 2465 1088 2520 vel
1110 2465 1376 2523 diaconus
1400 2482 1430 2521 a
1460 2467 1684 2538 proprio
1708 2464 1989 2535 episcopo,

483 2574 503 2607 ‹
539 2556 622 2609 vel
657 2558 953 2626 episcopus
988 2573 1017 2611 a
1056 2559 1266 2629 synodo
1301 2559 1613 2629 depositus,
1655 2572 1826 2612 ausus
1878 2555 1994 2610 fue—

489 2667 508 2700 ι
550 2648 621 2702 rit
671 2649 1018 2719 imperatoris
1075 2650 1301 2705 auribus
1354 2651 1663 2705 molestiam
1706 2647 1988 2714 exhibere,

487 2761 506 2795 ι
551 2758 676 2797 cum
711 2750 959 2812 oporteat
989 2743 1057 2797 ad
1090 2745 1354 2813 majorem
1390 2742 1666 2815 synodum
1711 2742 1986 2806 converti,

487 2849 505 2881 ι
541 2830 733 2900 etjus,
784 2832 928 2901 quod
971 2847 1030 2886 se
1086 2833 1288 2889 habere
1328 2844 1505 2904 putat,
1550 2834 1617 2889 ad
1658 2833 1843 2902 plures
1878 2832 1994 2903 epi-

486 2941 505 2975 ι
550 2924 1021 2993 scopos'referre,
1067 2941 1371 2995 eorumque
1413 2927 1877 2982 examinationem
1934 2932 1989 2978 et

487 3031 506 3065 ι
537 3013 805 3083 judicium
861 3015 1145 3085 suscipere
1180 3032 1195 3071 :
1233 3016 1277 3072 si
1315 3016 1497 3087 itaque
1537 3017 1623 3072 his
1658 3015 1991 3084 contemptis

489 3123 509 3157 ι
556 3107 874 3177 imperatori
908 3110 1174 3165 molestus
1215 3109 1400 3176 fuerit,
1433 3111 1478 3167 is
1512 3110 1663 3165 nulla
1712 3108 1871 3164 venia
1913 3108 1997 3163 di-

489 3215 507 3250 ι
547 3214 710 3268 guns,
744 3214 922 3269 neque
947 3200 1031 3255 sui
1061 3200 1387 3255 defendendi
1420 3201 1602 3256 locum
1635 3198 1854 3264 habeat,
1894 3212 1996 3253 nec

489 3310 508 3344 ι
548 3294 913 3350 restitutionis
948 3294 1143 3349 futurae
1168 3309 1320 3362 spem
1360 3302 1658 3364 exspectet.
1696 3311 1715 3346 ›

484 3383 684 3440 BALS.
717 3386 909 3442 Cuivis
943 3385 1336 3451 condemnato,
1367 3388 1462 3457 qui
1516 3404 1575 3444 se
1617 3388 1820 3459 injuria
1863 3390 2002 3447 affe-

414 3490 560 3532 ctum
589 3488 759 3547 putet,
788 3479 1172 3550 appellationis
1197 3479 1461 3533 auxilium
1486 3480 1673 3536 datum
1714 3491 1819 3537 est.
1858 3482 2005 3539 Dicit

417 3584 546 3639 ergo
572 3584 769 3634 canon,
799 3569 942 3639 quod
963 3570 1067 3623 etsi
1101 3570 1203 3624 hoc
1221 3570 1496 3641 episcopis
1517 3570 1835 3642 datum_est,
1854 3574 2006 3629 simi-

417 3660 541 3715 liter
600 3668 655 3715 et
707 3661 960 3729 clericls;
1000 3675 1111 3716 non
1159 3669 1339 3717 tamen
1393 3664 1475 3719 eis
1519 3664 1846 3733 permissum
1877 3671 2002 3734 zcst,

419 3769 583 3809 aures
613 3754 793 3823 regias
819 3753 888 3809 de
917 3769 980 3809 ea
1008 3770 1065 3811 re
1092 3754 1417 3810 obtundere.
1455 3753 1511 3809 Si
1534 3756 1660 3825 quis
1690 3772 1843 3826 ergo,
1869 3759 2002 3813 reli-

420 3855 509 3903 cto
543 3847 610 3902 ad
656 3845 922 3917 majorem
967 3846 1239 3919 synodum
1281 3847 1458 3912 aditu,
1502 3850 2003 3921 prmtermissisque

417 3940 562 4010 jur:s
582 3939 667 3996 sui
686 3955 870 3995 coram
893 3954 957 3994 ea
983 3940 1407 4007 allegationibus
1430 3957 1529 4006 per
1550 3943 2001 4012 appellationem,

422 4034 489 4087 de
513 4048 574 4085 ea
609 4048 668 4088 re
689 4034 1007 4102 imperatori
1032 4034 1296 4088 molestus
1324 4033 1513 4101 fuerit,
1547 4050 1657 4090 uon
1687 4035 1865 4095 solum
1893 4050 2004 4090 non

422 4125 728 4195 juvabitur,
767 4124 861 4179 sed
895 4124 1121 4195 perinde
1151 4127 1381 4181 ac'uulla
1412 4127 1565 4182 venia
1612 4127 1831 4197 dignus,
1885 4141 2007 4181 om-

425 4234 547 4274 nem
571 4220 656 4274 sui
686 4219 832 4289 juris
873 4220 1209 4291 pmponendi
1238 4218 1462 4289 ianuam
1498 4221 1603 4277 sibi
1637 4221 1912 4285 occludet,
1952 4228 2008 4275 et

426 4328 528 4367 nec
560 4328 712 4383 spem
744 4312 961 4382 quidem
989 4313 1351 4369 restitutionis
1376 4314 1622 4368 habebit.
1670 4311 1881 4367 Dixerit
1912 4328 2009 4366 au-

2099 1830 2193 1885 τοῢ
2229 1830 2451 1902 πρώτου
2507 1831 2690 1886 αὐτῶν
2736 1831 2876 1905 πρὸς
2922 1832 3151 1903 βασιλέα
3194 1826 3564 1901 ἀπέρχεσθαι,
3598 1832 3699 1885 καὶ⁵

2098 1924 2196 1988 τὰς
2224 1923 2401 1987 ἀκοὰς
2439 1923 2607 1979 αὑτοῦ
2652 1924 3034 1996 παρενοχλεῖν,
3063 1924 3161 1979 καὶ
3209 1923 3511 1994 ἀναφέρειν
3561 1923 3699 1994 περί

2098 2031 2286 2070 τινων.
2329 2015 2441 2068 Καὶ
2469 2014 2559 2067 διὰ
2599 2015 2759 2068 τοῦτο
2807 2016 2899 2068 τὸν
2955 2015 3085 2070 ἄνευ
3130 2012 3365 2082 γνώμης
3411 2012 3507 2066 τοῦ
3545 2015 3694 2067 κατὰ

2098 2105 2197 2177 τὴν
2229 2107 2566 2177 μητρόπολιν
2605 2109 2704 2177 τῆς
2729 2106 3005 2180 ἐπαρχίας
3037 2105 3343 2159 ἐπισκόπου
3375 2103 3455 2174 τῷ
3483 2104 3699 2175 βασιλεῖ

2100 2199 2395 2267 προσιόντα
2417 2202 2513 2252 καὶ
2544 2198 2641 2269 τῆς
2666 2199 2824 2265 ἀξίας
2848 2197 3238 2269 καθαιρεῖσθαι
3262 2198 3695 2267 προστάττουσι,

2100 2292 2199 2345 καὶ
2228 2291 2329 2363 τῆς
2355 2292 2644 2355 κοινωνίας
2674 2290 3065 2362 ἀπείργεσθαι.

2707 2384 2949 2437 ΚΑΝΩΝ
2974 2381 3074 2437 IB’.

2108 2492 2132 2527 ι
2170 2475 2239 2528 Et
2277 2492 2363 2537 τις
2412 2475 2518 2529 ὑπὸ
2546 2476 2640 2530 τοῦ
2674 2475 2805 2529 ἰδίου
2832 2475 3135 2529 ἐπισκόπου
3177 2474 3520 2547 καθαιρεθεὶς
3555 2492 3690 2544 πρε-

2170 2584 2190 2619 ι
2238 2566 2501 2638 σδύτερος
2562 2567 2903 2637 ἢδιάκονος,
2954 2568 2986 2638 ἢ
3044 2568 3140 2620 καὶ
3203 2568 3516 2631 ἐπίσκοπος
3582 2568 3692 2621 ὑπὸ

2178 2679 2199 2713 ι
2245 2661 2502 2723 συνόδου,
2566 2660 2800 2731 όχλῆσαι
2857 2661 3155 2731 τολμήσειε
3228 2661 3331 2725 τὰς
3402 2662 3695 2730 βασιλικὰς

2173 2771 2193 2806 ι
2236 2752 2430 2817 ἀκοὰς,
2471 2753 2597 2806 δέον
2644 2753 2739 2806 ἐπὶ
2806 2752 3034 2823 μείζονα
3100 2750 3420 2807 ἐπισκόπων
3473 2754 3692 2807 σύνοδον

2177 2862 2197 2897 ι
2237 2844 2557 2913 τρέπεσθαι,
2594 2845 2690 2898 καὶ
2743 2843 2780 2897 ἃ
2828 2843 3039 2913 νομίζει
3088 2842 3273 2897 δίκαια
3314 2842 3463 2913 ἔχειν
3518 2860 3694 2914 προσ-

2173 2953 2194 2988 ι
2237 2937 2531 3004 αναφέρειν
2576 2936 2822 2990 πλείοσιν
2871 2935 3214 3000 ἐπισκόποις,
3270 2936 3365 2989 καὶ
3406 2935 3507 3008 τὴν
3557 2934 3696 3003 παρ’

2175 3048 2195 3081 ι
2240 3030 2423 3084 αὐτῶν
2468 3029 2720 3095 ἐξέτασίν
2762 3046 2823 3082 τε
2878 3031 2976 3084 καὶ
3018 3028 3303 3098 ἐπίκρισιν
3344 3028 3695 3097 ἐκδέχεσθαιδ

2174 3142 2192 3177 ι
2235 3125 2283 3176 εἰ
2313 3124 2370 3178 δέ
2408 3124 2615 3177 τούτων
2656 3123 3002 3193 ὀλιγωρήσας
3049 3121 3360 3193 ἐνοχλήσειε
3424 3120 3504 3190 τῷ
3538 3118 3698 3188 βασι-

2171 3232 2190 3271 ι
2231 3215 2337 3279 λεί,
2384 3216 2475 3269 καὶ
2530 3214 2722 3268 τοῦτον
2771 3214 2911 3286 μηδέ
2958 3214 3088 3284 μιᾶς
3135 3212 3473 3281 συγγνώμης
3496 3208 3690 3276 ἀξιοῦ-

2182 3325 2203 3361 ι
2246 3307 2394 3375 σθαι,
2430 3308 2565 3378 μηδέ
2616 3306 2802 3379 χώραν
2846 3307 3146 3374 ἀπολογίας
3196 3306 3365 3376 ἔχειν,
3410 3305 3549 3375 μηδέ
3595 3304 3703 3357 ἐλ-

2180 3420 2199 3454 ι
2240 3400 2373 3452 πίδα
2403 3399 2709 3470 μελλούσης
2739 3397 3243 3460 ἀποκαταστάσεως
3288 3396 3627 3466 προσδοκᾷν.
3675 3413 3697 3448 ι

2185 3493 2384 3548 ΒΑΛΣ.
2439 3492 2613 3545 Παντὶ
2680 3490 3171 3561 καταδικαζομένῳ
3226 3470 3324 3545 καῖΙ
3382 3487 3703 3543 ἀδικεῖσθαι

2106 3584 2341 3654 οἰομένῳ
2384 3584 2415 3653 ἡ
2466 3583 2564 3651 τῆς
2601 3583 2870 3653 ἐκκλήτου
2903 3581 3062 3651 ἐδόθη
3098 3568 3346 3652 βοήθεια.
3377 3583 3522 3652 Φησὶ
3562 3581 3706 3650 γοῦν

2106 3679 2134 3731 ὁ
2166 3675 2350 3730 κανὼν
2381 3675 2478 3741 ὡς,
2510 3676 2560 3728 εἰ
2598 3676 2693 3729 καὶ
2733 3674 2954 3745 ἐνεδόθη
2985 3674 3144 3728 τοῦτο
3189 3676 3303 3737 τοῖς
3345 3675 3703 3740 ἐπισκόποις,

2109 3770 2375 3833 ὡσαύτως
2420 3770 2517 3823 καί
2554 3772 2669 3832 τοῖς
2710 3769 3023 3840 κληρικοῖς,
3071 3768 3186 3823 ἀλλ’
3229 3770 3331 3822 οὐκ
3376 3769 3701 3840 ἐξεχωρήθη

2110 3864 2207 3917 καὶ
2236 3862 2335 3926 τὰς
2355 3860 2643 3931 βασιλικὰς
2669 3861 2837 3925 ἀκοὰς
2859 3860 3027 3931 χάριν
3054 3861 3248 3916 τούτου
3281 3861 3483 3931 όχλείν.
3514 3862 3581 3913 Et
3608 3878 3701 3925 τις

2108 3953 2202 4008 οὖν
2240 3951 2562 4008 καταλιπὼν
2600 3953 2663 4006 τὸ
2716 3953 3038 4023 προσελθεῖν
3085 3953 3297 4024 μείζονι
3354 3954 3562 4025 συνόδῳ
3605 3956 3707 4007 καὶ

2110 4045 2399 4116 γυμνάσαι
2434 4046 2534 4109 τὰς
2560 4044 2778 4108 δικαίας
2824 4044 3197 4113 δικαιολογίας
3228 4050 3372 4101 κατὰ
3404 4046 3567 4115 λόγον
3600 4048 3705 4099 ἐκ-

2112 4137 2340 4207 κλήτου,
2367 4137 2590 4208 ὀχλήσει
2624 4137 2853 4207 βασιλέα
2882 4137 3014 4208 περὶ
3044 4136 3264 4203 τούτου,
3300 4138 3363 4192 οὐ
3398 4138 3560 4209 μόνον
3591 4140 3699 4192 οὐκ

2111 4230 2551 4301 ὠφεληθήσεται,
2586 4229 2704 4284 ἀλλ’
2733 4231 2809 4293 ὡς
2846 4230 3120 4300 μηδεμιᾶς
3154 4229 3488 4300 συγγνώμης
3515 4228 3707 4293 ἀξιού-

2114 4339 2315 4392 μενος,
2369 4323 2552 4377 πᾶσαν
2598 4322 2771 4393 θύραν
2825 4321 3033 4384 οἰκείας
3094 4321 3464 4389 δικαιολογίας
3522 4318 3711 4390 ἐαυτῷ

430 4414 535 4458 tem
604 4404 915 4473 quispiam;
953 4402 1088 4458 Cum
1137 4420 1316 4460 canon
1365 4404 1511 4459 dicat
1556 4403 1838 4472 depositos
1893 4418 2003 4458 non

2126 4413 2465 4483 ὲπιζυγώσει,
2500 4415 2590 4469 καὶ
2618 4414 2744 4467 οὐδέ
2779 4414 2970 4468 ἐλπίδα
3026 4414 3137 4478 ἕξει
3173 4412 3705 4475 ἀποκαταστάσεως.

428 4493 626 4547 debere
663 4494 728 4549 ad
764 4493 1146 4564 imperatorem
1174 4496 1457 4561 accedere,
1492 4495 1585 4549 sed
1633 4494 1700 4548 ad
1744 4495 2008 4563 majorem

428 4586 721 4658 synodum,
757 4597 815 4642 ut
852 4589 921 4653 is,
952 4590 1044 4658 qui
1069 4589 1207 4643 forte
1240 4588 1308 4643 ab
1347 4586 1627 4656 Ephesino
1657 4588 1740 4641 vel
1777 4586 2007 4644 Thessa-

428 4680 694 4736 lonicensi
717 4682 999 4751 depositus
1035 4690 1140 4745 est,
1177 4680 1242 4736 ad
1288 4681 1659 4751 patriarcham
1712 4682 2007 4739 universa-

424 4775 593 4830 salem
620 4784 765 4830 recte
784 4778 1043 4832 accedere
1062 4784 1324 4846 cogetur:
1354 4775 1447 4845 qui
1472 4792 1599 4832 vero
1625 4792 1652 4830 a
1696 4776 2010 4847 patriarcha

426 4867 826 4924 condemnatus
874 4877 979 4930 est,
1022 4882 1147 4921 cum
1196 4882 1305 4920 non
1338 4866 1535 4922 habeat
1572 4883 1681 4936 quo
1704 4867 2009 4938 confugiat,

430 4959 494 5011 ad
521 4959 903 5029 imperatorem
938 4960 1229 5024 accedens,
1265 4961 1543 5030 punietur,
1570 4976 1637 5015 an
1676 4962 1823 5016 non?
1853 4960 2012 5017 Solu-

428 5054 522 5108 tio.
559 5050 814 5107 Nonnulli
852 5050 1133 5116 dicebant,
1175 5053 1228 5104 in
1260 5065 1449 5106 eorum
1476 5067 1690 5124 quoque
1712 5054 2013 5110 sententias

429 5146 607 5201 locum
645 5143 847 5199 habere
880 5159 966 5210 ea,
1010 5160 1133 5213 quae
1168 5158 1196 5197 a
1225 5159 1435 5201 canone
1471 5146 1752 5209 dicuntur,
1782 5156 2014 5216 excepto

433 5238 751 5313 universali,
798 5239 1057 5308 quoniam
1106 5237 1588 5311 llicrosolymitani
1636 5239 1906 5295 sententia
1946 5238 2015 5295 ab

431 5330 773 5386 AlliiOt‘hCDO
808 5331 1162 5400 dijudicctur,
1194 5341 1249 5387 et
1305 5332 1631 5388 Antiocheui
1674 5333 1744 5386 ab
1779 5331 2017 5387 Alexan-

430 5422 611 5488 drino,
643 5430 697 5475 et
724 5423 805 5478 sic
832 5423 1091 5491 deinceps
1121 5422 1425 5479 secundum
1456 5424 1718 5493 majorem
1745 5426 2011 5480 uniuscu—

426 5514 628 5586 jusque
673 5515 945 5570 ordinem.
994 5516 1122 5570 ΜΗιί
1169 5525 1349 5571 autem
1400 5516 1613 5571 videtur
1662 5531 1838 5573 canon
1893 5533 2016 5575 esse

430 5609 612 5662 editus
668 5616 893 5677 propter
932 5608 1233 5663 sententias
1272 5606 1503 5662 aliorum
1538 5609 1920 5679 episcOporum
1960 5618 2016 5665 et

437 5698 995 5767 metropolitanorum,
1020 5712 1127 5754 non
1147 5701 1309 5753 etiam
1332 5699 1791 5769 patriarcharum.
1816 5698 2015 5762 Eorum

352 5868 353 5871 η
437 5788 581 5843 cnim
626 5791 907 5847 sentcntizc
946 5790 1295 5862 appellationi
1343 5807 1453 5847 non
1514 5791 2013 5867 subjiciuntur._Et

2120 4507 2280 4561 Εἴποι
2328 4506 2385 4561 δέ
2426 4525 2512 4571 τις
2547 4506 2644 4574 ὡς,
2680 4506 2774 4560 τοῦ
2807 4507 3031 4569 κανόνος
3063 4505 3320 4575 λέγοντος
3356 4505 3430 4576 μὴ
3466 4505 3710 4575 προσέρ-

2116 4596 2308 4669 χεσθαι
2339 4598 2432 4650 τὸν
2465 4597 2867 4668 καθαιρεθέντα
2908 4597 3144 4666 βασιλεῖ,
3193 4597 3333 4651 ἀλλὰ
3371 4596 3581 4666 μείζονι
3614 4614 3715 4648 συ-

2106 4690 2272 4759 νόδῳ,
2306 4689 2333 4742 ὁ
2381 4688 2481 4759 μὲν
2525 4688 2879 4756 καθαιρεθεὶς
2923 4689 3028 4743 ὑπ’)
3062 4689 3157 4742 τοῦ
3197 4688 3431 4757 Ἐφέσου
3479 4687 3641 4758 τυχὸν
3672 4688 3708 4757 ἦ

2116 4784 2211 4833 τοῦ
2243 4780 2643 4851 Θεσσαλονίκης
2660 4781 2737 4851 τῷ
2764 4781 3158 4853 οἰκουμενικῷ,
3198 4782 3516 4851 πατριάρχῃ
3547 4782 3708 4833 εὐλό-

2116 4887 2230 4940 γως
2264 4871 2585 4942 προσελθεῖν
2611 4871 3117 4943 ἀναγκασθήσεταιο
3149 4873 3176 4924 ὁ
3205 4871 3261 4924 δέ
3289 4870 3395 4923 ὑπὸ
3426 4870 3709 4940 πατριάρ-

2118 4982 2212 5035 χου
2270 4965 2720 5038 καταδικασθεὶς,
2746 4964 2825 5036 μὴ
2866 4962 3011 5035 ἔχων
3063 4965 3203 5018 ὅπου
3256 4963 3579 5034 προσφύγῃ,
3624 4962 3711 5033 τῷ

2118 5055 2331 5126 βασιλεῖ
2370 5056 2807 5127 προσερχόμενος
2830 5056 3251 5127 κολασθήσεται,
3284 5055 3317 5127 ἢ
3347 5055 3444 5121 οὓς
3488 5055 3704 5119 Λῦσις.

2116 5149 2275 5210 Τινὲς
2306 5147 2403 5218 μὲν
2427 5148 2579 5201 εἶπον
2605 5150 2697 5201 καὶ
2724 5148 2803 5211 εἰς
2825 5148 2925 5212 τὰς
2950 5148 3259 5216 ἀποφάσεις
3286 5147 3493 5201 τούτων
3518 5145 3709 5216 χώραν

2123 5237 2268 5309 ἔχειν
2296 5239 2365 5293 τὰ
2390 5239 2485 5292 τοῦ
2522 5242 2751 5303 κανόνος
2778 5241 2908 5295 άνευ
2953 5240 3049 5293 τοῦ
3081 5239 3494 5309 οἰκουμενικοῦ,
3524 5239 3613 5291 διὰ
3644 5240 3709 5291 τὸ

2120 5329 2219 5401 τὴν
2247 5331 2344 5384 τοῦ
2389 5330 2779 5402 Ἰεροσολύμων
2811 5330 3087 5401 ἀπόφασιν
3119 5331 3512 5401 ἁνακρίνεσθαι
3552 5329 3710 5398 παρὰ

2118 5422 2214 5475 τοῦ
2257 5420 2612 5493 Ἀντιοχείας,
2651 5425 2742 5477 καὶ
2775 5422 2875 5493 τὴν
2902 5423 2996 5476 τοῦ
3054 5423 3373 5494 Αντιοχείας
3421 5422 3574 5492 παρὰ
3607 5421 3706 5475 τοῦ

2133 5511 2567 5583 Ἀλεξανδρείας,
2596 5514 2693 5568 καὶ
2724 5512 2925 5583 ἐφεξῆς
2970 5513 3114 5567 κατὰ
3148 5513 3249 5583 τὴν
3291 5513 3521 5582 μείζονα
3550 5512 3709 5577 τάξιν

2121 5604 2353 5658 ἑκάστου
2386 5605 2598 5659 αὐτῶν
2636 5606 2761 5676 ἐμοὶ
2806 5605 2863 5658 δὲ
2898 5604 3048 5658 δοκεῖ
3086 5605 3178 5658 τὸν
3213 5605 3418 5659 κανόνα
3457 5606 3707 5674 ἐκφωνη·

2125 5699 2286 5769 θῆναι
2313 5698 2401 5752 διὰ
2434 5697 2534 5761 τὰς
2566 5695 2878 5769 ἀποφάσεις
2908 5695 3019 5750 τῶν
3049 5694 3228 5750 ἄλλων
3258 5696 3579 5750 ἐπισκόπων
3609 5696 3709 5750 καὶ

2124 5792 2232 5845 τῶν
2287 5790 2724 5864 μητροπολιτῶν,
2756 5788 2816 5844 οὒ
2871 5787 2977 5861 μὴν
3027 5788 3119 5845 καὶ
3166 5787 3274 5847 τῶν
3318 5787 3707 5861 πατριάρχῶν.
