4052 6414
275 283 279 286 ’
312 326 447 393 1309

1352 332 1432 393 IN
1472 334 1634 397 CAN.
1680 335 1796 395 XII
1837 335 2049 397 CUNC.
2092 338 2148 399 ΙΙ
2186 338 2545 403 ANTIOCII.

3441 316 3575 407 1313

309 443 372 493 Ai
402 439 574 509 ψῆφοι
603 438 712 511 γὰρ
739 440 947 497 τούτων
977 442 1233 515 ἐκκλήτῳ
1277 442 1378 515 οὑχ
1412 447 1759 500 ὑπόκεινται.
1797 446 1892 497 Διὸ

2014 449 2137 516 deo,
2161 452 2252 521 qui
2288 452 2673 522 imperatorem
2702 453 2920 519 adierit,
2946 463 3004 509 ut
3036 456 3103 509 de
3128 471 3320 511 eorum
3351 468 3578 521 senten—

310 532 406 584 καὶ⁵
448 529 477 581 ό
524 531 842 600 προσελθὼν
897 532 1111 603 βασιλεῖ
1163 534 1325 605 χάριν
1374 537 1471 590 τοῦ
1519 537 1901 607 ἀνακριθῆνσιιη

310 625 429 676 κατ’
489 623 754 695 ἔκκλητον
802 625 1079 694 ἀπόφασιν
1138 627 1367 693 τούτων,
1438 631 1890 700 τιμωρηθήσεται

310 715 452 771 κατὰ
485 717 578 770 τὸν
607 718 854 786 παρόντα
887 719 1113 774 κανόνα.
1144 720 1286 791 Φησὶ
1313 721 1423 792 γὰρ
1452 723 1485 791 ἡ
1519 721 1631 792 ρλζο
1669 722 1889 775 ’1ουστι-

310 806 539 871 νιάνειος
573 809 784 879 Νεαρὰ,
811 810 845 879 ἡ
883 813 1107 881 κειμένη
1134 813 1192 866 ἐν
1217 811 1409 883 βιϐλίῳ
1434 815 1605 884 τρίτῳ
1647 815 1756 866 τῶν
1788 813 1895 867 Βα-

313 901 537 956 σιλικῶν
582 919 690 959 τιτ.
728 909 799 967 α’,
833 922 961 974 κεφ.
1017 911 1098 975 με’
1127 922 1143 937 ο
1190 905 1261 960 Εἴ
1306 921 1453 970 τινες
1499 906 1555 959 δὲ
1605 905 1892 960 ὑσιώτατοι

313 998 601 1050 ἐπίσκοποι
652 998 754 1065 τῆς
807 1000 976 1067 αὐτῆς
1026 1001 1246 1054 συνόδου
1303 992 1719 1070 ἀμφισϐήτησίν
1766 1016 1892 1053 τινα

316 1088 450 1159 πρὸς
495 1088 759 1160 ἀλλήλους
813 1090 1013 1161 ἔχοιεν,
1056 1094 1177 1147 εἴτε
1238 1094 1379 1163 ὑπὲρ
1431 1093 1891 1163 ἐκκλησιαστικοῦ

312 1180 546 1242 δικαίου,
566 1182 679 1235 εἴτε
712 1183 853 1250 ὑπὲρ
875 1185 1055 1237 ἄλλων
1083 1186 1247 1239 τινῶν
1280 1177 1651 1256 πραγμάτων,
1689 1187 1890 1255 πρότε-

318 1290 409 1341 ρον
436 1275 463 1324 ὁ
494 1273 900 1344 μητροπολίτης
932 1275 1115 1328 αὐτῶν
1148 1261 1285 1345 ’μεθ’
1334 1278 1541 1346 ἐτέρων
1575 1277 1669 1328 δύο
1694 1279 1759 1329 ἐκ
1791 1278 1894 1345 τῆς

314 1363 482 1431 αὐτῆς
522 1362 745 1416 συνόδου
781 1366 1097 1421 ἐπισκόπων
1129 1368 1189 1423 τὸ
1221 1369 1458 1437 πρᾶγμα
1504 1368 1759 1438 κρινέτω,
1793 1369 1892 1420 καὶ

315 1454 360 1505 εί
412 1454 486 1523 μὴ
530 1457 762 1529 ἐμμείνῃ
816 1458 1081 1527 ἑκάτερον
1133 1461 1302 1528 μέρος
1350 1456 1466 1522 τοῖς
1516 1460 1891 1530 κεκριμένοις,

314 1548 611 1615 τηνικαῦτα
634 1551 663 1603 ό
694 1553 1117 1622 μακαριώτατος
1151 1554 1500 1621 πατριάρχης
1541 1544 1767 1622 ἐκείνης’
1794 1553 1895 1620 τῆς

315 1638 631 1710 διοικήσεως
690 1644 893 1713 μεταξὺ
956 1645 1138 1697 αὐτῶν
1194 1645 1562 1712 ἁκροασάσθω
1594 1684 1608 1708 ,
1660 1647 1896 1699 κάκεῖνα

313 1730 544 1799 ὁριζέτω
572 1732 729 1786 ἆτινα
760 1738 874 1797 τοῖς
902 1736 1385 1806 ἐκκλησιαστικοῖς
1412 1737 1604 1790 κανόσι
1634 1738 1729 1789 καὶ
1779 1739 1892 1799 τοῖς

316 1821 502 1889 νόμοις
552 1827 898 1896 συνᾴδουσιν,
927 1828 1143 1891 οὐδενὸς
1188 1830 1385 1899 μέρους
1412 1831 1555 1883 κατὰ
1585 1830 1684 1898 τῆς
1712 1829 1896 1900 ψήφου

317 1912 482 1966 αὑτοῦ
550 1917 854 1985 ἀντιλέγειν
928 1921 1255 1988 δυναμένου.
1313 1923 1438 1974 Ὅτι
1509 1922 1566 1975 δὲ
1629 1922 1898 1985 πολλάκις

278 2026 287 2031 ‘
316 2011 684 2084 ἐτρακταῖσθη
713 2013 761 2063 εί
797 2013 901 2080 χρὴ
932 2013 1182 2084 ἐκκλήτῳ
1233 2014 1557 2068 ὑποκεῖσθαι
1591 2013 1692 2086 τὴν
1711 2015 1894 2083 ψῆφον

316 2105 454 2166 τέως
478 2103 573 2157 τοῦ
606 2105 1261 2169 Κωνσταντινουπόλεως,
1291 2104 1437 2173 ἐδοξέ
1466 2123 1555 2176 μοι
1589 2106 1895 2173 ἀναγκαῖον

318 2199 494 2251 εἰπεῖν
542 2197 604 2251 τὸ
654 2199 848 2252 δοκοῦν
893 2218 983 2269 μοι
1030 2199 1191 2270 χάριν
1243 2199 1462 2266 τούτου,
1499 2199 1594 2253 καὶ
1643 2200 1712 2252 τὰ
1746 2198 1900 2271 παρὰ

318 2307 478 2343 τινων
509 2290 1020 2359 δικαιολογούμενα.
1054 2292 1287 2359 Λέγουσί
1317 2309 1466 2354 τινες
1501 2292 1602 2354 ὡς,
1644 2292 1770 2344 ἐπεὶ
1797 2291 1899 2361 τὴν

325 2382 425 2451 μὲν
482 2383 762 2451 ἀπόφασιν
811 2382 903 2436 τοῦ
956 2383 1216 2454 ἐπάρχου,
1245 2381 1357 2436 τῶν
1402 2382 1759 2454 πραιτωρίων
1803 2383 1899 2434 καὶ

320 2474 419 2541 τὴν
447 2474 726 2541 ἀπόφασιν
765 2473 860 2527 τοῦ
897 2475 979 2538 δὶς
1021 2477 1310 2544 γεγονότος
1357 2476 1601 2546 ἐπάρχου
1657 2474 1760 2544 τῆς
1802 2475 1902 2527 πό-

320 2566 481 2632 λεως,
545 2568 594 2621 οἱ
658 2567 814 2637 νόμοι
845 2568 1026 2637 ῥητῶς
1069 2568 1399 2639 διορίζονται
1454 2568 1528 2640 μὴ
1575 2569 1902 2623 ὑποκεῖσθαι

323 2656 599 2725 ἐκκλήτῳ,
648 2657 1061 2727 πατριαρχικὴν
1105 2657 1161 2709 δὲ
1213 2658 1491 2727 ἀπόφασιν
1520 2657 1615 2711 τοῦ
1655 2657 1900 2711 τοιούτου

324 2748 621 2817 προνομίου
671 2749 851 2820 ῥητῶς
900 2751 1004 2804 οὐκ
1052 2752 1319 2820 ἠξίωσαν,
1354 2750 1505 2804 κατὰ
1559 2750 1659 2812 τὰς
1699 2749 1904 2812 πολλὰς

325 2842 421 2894 καὶ
464 2841 740 2911 τυχόντων
787 2842 1061 2896 δικαστῶν
1108 2844 1346 2912 ψήῖιους,
1377 2844 1472 2895 καὶ
1507 2841 1648 2910 αὕτη
1696 2841 1903 2910 ἐκκλη-

270 2938 277 2945 ’
324 2933 676 2997 τευθήσεται.
728 2933 872 3002 Πρὸς
934 2933 1297 2986 ἐπισύστασιν
1342 2934 1438 2986 τοῦ
1502 2934 1663 2999 λόγου
1722 2931 1905 2986 αὐτῶν

326 3023 567 3095 χρῶνται
618 3024 714 3078 καὶ
762 3027 828 3093 τῇ
890 3024 1051 3097 τρίτῃ
1122 3024 1536 3093 Ἰουστινιανείῳ
1577 3022 1786 3094 Νεαρᾷ,
1834 3026 1901 3093 τῇ

1999 545 2068 598 tia
2094 560 2192 612 per
2222 545 2646 614 appellationem
2681 555 2975 615 qumratnr,
3002 556 3058 601 ut
3079 550 3194 602 vult
3225 549 3314 603 hic
3332 566 3573 619 praesens

1994 647 2190 699 canon,
2214 636 2488 703 punietur.
2520 635 2659 690 Dicit
2691 637 2834 690 enim
2862 636 3157 691 Iustiniani
3194 639 3421 692 Novella
3451 640 3574 701 157,

1993 740 2112 793 quae
2144 725 2198 779 in
2258 725 2355 780 lib.
2397 726 2431 781 5
2475 724 2852 793 Basilicorum,
2903 729 2969 782 tit
3008 730 3058 795 l,
3096 746 3197 799 cap
3231 731 3321 793 45,
3354 733 3456 785 sita
3493 741 3577 787 est

1994 816 2074 870 sic
2094 832 2355 886 expresse
2381 834 2396 872 :
2425 816 2480 872 Si
2506 817 2597 887 qui
2627 828 2808 873 autem
2838 820 3171 874 sanctissimi
3199 822 3360 891 hujus
3386 822 3575 891 synodi

1993 913 2234 982 episcopi
2260 912 2498 982 aliquam
2527 914 2671 967 inter
2696 927 2818 968 sese
2847 915 3283 969 controversiam
3313 914 3574 978 habeant,

1993 1007 2111 1062 sive
2138 1007 2206 1061 de
2232 1007 2356 1081 jure
2400 1006 2799 1070 ecclesiastico,
2837 1006 2953 1062 sive
3000 1023 3098 1077 pro
3134 1007 3413 1076 aliquibus
3449 1006 3574 1060 aliis

1996 1099 2193 1166 rebus;
2235 1100 2386 1169 prius
2417 1114 2604 1154 eorum
2634 1099 3091 1168 metropolitanus
3131 1115 3256 1153 cum
3285 1100 3405 1153 aliis
3440 1100 3578 1153 duo-

1996 1193 2094 1247 bus
2116 1193 2359 1262 ejusdem
2391 1192 2583 1264 synodi
2615 1193 2887 1262 episcopis
2923 1208 3039 1247 rem
3084 1192 3316 1261 judicet.
3371 1200 3425 1244 et
3467 1193 3574 1246 nisi

1997 1295 2225 1353 utraque
2286 1300 2412 1353 pars
2469 1294 2575 1340 stet
2622 1285 2690 1340 iis
2733 1300 2852 1354 quae
2891 1283 3136 1354 judicata
3180 1284 3402 1348 fuerint,
3447 1292 3578 1338 tunc

1997 1375 2347 1430 beatissimus
2405 1376 2717 1446 patriarcha
2772 1376 2921 1430 illius
2977 1374 3233 1429 dimcesis
3283 1374 3428 1427 inter
3485 1390 3581 1429 eos

1998 1467 2200 1532 audiat,
2227 1477 2279 1521 et
2305 1467 2395 1519 illa
2423 1467 2667 1533 deﬁniat,
2699 1483 2820 1535 qua:
2845 1466 3238 1520 ecclesiasticis
3274 1466 3582 1521 canonibns

1996 1568 2050 1613 et
2086 1560 2297 1628 legibus
2333 1559 2691 1623 conveniunt,
2724 1558 2872 1610 nulla
2922 1567 3075 1626 parte
3128 1556 3248 1625 ejus
3291 1556 3584 1611 sentcntiae

1998 1652 2376 1706 contradicere
2422 1651 2652 1705 valente.
2681 1649 2818 1714 Quia
2866 1659 3047 1703 autem
3092 1665 3235 1719 sa-pe
3289 1657 3579 1703 tractatum
3652 1710 3655 1711 ν

1999 1755 2104 1807 est,
2125 1760 2193 1798 an
2211 1753 2428 1813 Oportet
2446 1742 2921 1811 Constantinopol.
2941 1740 3103 1813 442
3123 1739 3442 1795 sententiam
3462 1753 3584 1791 esse

2003 1837 2345 1905 appellationi
2384 1836 2710 1905 subjectum,
2756 1836 2931 1890 visum
2973 1844 3058 1888 est
3095 1841 3373 1901 Oportere,
3436 1828 3584 1899 quod

2002 1930 2132 1985 mibi
2168 1930 2407 1996 videtur,
2434 1932 2500 1985 de
2532 1945 2596 1985 eo
2622 1929 2830 1993 dicere,
2859 1937 2913 1983 et
2941 1944 3003 1982 ea
3032 1942 3248 1998 quoque
3273 1940 3395 1995 qua:
3430 1924 3495 1978 de
3522 1938 3585 1975 ea

2001 2037 2061 2077 re
2088 2024 2154 2077 ab
2178 2023 2301 2076 aliis
2347 2023 2627 2077 dicuntur.
2683 2022 2883 2075 Dicunt
2930 2018 3200 2081 nonnulli,
3235 2016 3382 2087 quod
3441 2030 3583 2083 quu—

2003 2119 2154 2175 niain
2189 2116 2511 2172 sententiam
2562 2115 2803 2185 praefecti
2841 2112 3120 2183 praetorio,
3153 2119 3207 2165 et
3251 2107 3581 2163 sententiain

2000 2209 2142 2280 ejus,
2175 2208 2266 2279 qui
2312 2208 2395 2263 bis
2453 2206 2553 2259 fuit
2606 2205 2901 2276 praefectus
2962 2204 3137 2268 urbis,
3197 2201 3343 2270 leges
3397 2204 3585 2265 aperte

2002 2307 2249 2357 statuunt
2295 2290 2647 2369 appellationi
2693 2312 2800 2351 non
2852 2295 3081 2363 subjici;
3154 2290 3579 2361 patriarchalem

2003 2406 2185 2450 autem
2217 2392 2543 2449 sententiam
2574 2405 2639 2444 eo
2682 2389 2971 2458 privilegio
3003 2386 3223 2456 dignam
3271 2400 3377 2437 non
3425 2383 3584 2452 judi-

2003 2499 2198 2541 cavere
2252 2500 2265 2537 :
2316 2481 2776 2553 quemadmodum
2822 2494 2850 2532 a
2910 2477 3095 2531 multis
3138 2485 3194 2531 et
3251 2476 3588 2544 quibuslibet

2000 2579 2299 2652 jndicibus,
2331 2576 2402 2629 ita
2453 2575 2620 2629 etiam
2668 2574 2735 2627 ab
2778 2587 2844 2626 co
2898 2569 3309 2641 provocabitur.
3363 2569 3441 2621 Ad
3494 2568 3579 2622 sui

2004 2680 2186 2727 autem
2225 2668 2357 2722 dicti
2389 2666 2862 2721 conﬁrmationem
2912 2672 3144 2717 utuntur
3185 2668 3241 2713 et
3282 2658 3586 2713 Iustiniani

2003 2765 2224 2822 Novella
2251 2763 2305 2829 5,
2341 2761 2396 2815 in
2439 2761 2582 2814 libro
2606 2758 2641 2811 5
2688 2755 3070 2817 Basilicorum,
3111 2753 3195 2805 tit.
3233 2751 3268 2803 2
3308 2750 3433 2815 sita,
3468 2765 3591 2819 qua:

2006 2852 2255 2909 decernit
2286 2849 2653 2920 patriarcbam
2684 2843 3002 2914 imperatori
3041 2842 3309 2894 rationem
3336 2837 3589 2903 reddere,

2008 2944 2052 3000 si
2085 2943 2347 2998 clericum
2378 2940 2520 2994 ultra
2554 2950 2844 2991 numerum
2878 2934 3169 2987 ordinarit.
3211 2931 3313 2984 Alii
3350 2931 3591 3000 patriar-

2010 3032 2183 3087 chalis
2212 3028 2604 3099 magnitudinis
2654 3023 3011 3079 eminentiam
3051 3021 3219 3074 veluti
3264 3027 3593 3073 venerantes

329 3117 559 3186 κειμένῃ
605 3116 665 3168 ἐν
721 3113 888 3184 βίῦλῳ
934 3115 1105 3184 τρίτῳ
1149 3113 1259 3167 τῶν
1290 3113 1597 3166 Βασιλικῶν
1626 3114 1806 3167 τίτλου
1839 3112 1904 3183 β’,

2009 3126 2198 3181 dicunt
2230 3138 2328 3176 nec
2356 3121 2581 3175 omnino
2606 3133 2633 3172 a
2663 3116 3020 3188 patriarchali
3066 3114 3336 3170 sententia
3370 3114 3591 3182 penitus

332 3208 426 3262 καὶ
450 3207 799 3277 διοριζομένῃ
829 3205 1153 3260 εὐθύνεσθαι
1198 3208 1351 3279 παρὰ
1387 3206 1483 3261 τοῦ
1517 3207 1785 3276 βασιλέως
1813 3207 1906 3261 τὸν

332 3297 703 3366 πατριάρχην,
754 3297 917 3367 εἴπερ
961 3298 1318 3371 χειροτονήσῃ
1372 3297 1673 3366 ὑπέρθετον
1717 3298 1910 3367 κληρι⁹

333 3388 451 3441 κόν.
485 3387 692 3451 Ἀλλοι,
736 3388 838 3458 τῆς
882 3391 1293 3461 πατριαρχικῆς
1337 3391 1766 3460 μεγαλειότητος
1811 3390 1910 3460 τὴν

334 3479 609 3550 ὑπεροχὴν
646 3480 892 3551 ὡσπερεὶ
938 3482 1314 3552 σεὸαζόμενοι,
1341 3483 1477 3552 φασὶ
1522 3485 1659 3555 μήτε
1690 3484 1912 3547 πάντως

334 3567 726 3623 ἁποκλειστέον
777 3570 923 3626 κατὰ
967 3570 1069 3641 τῆς
1131 3572 1538 3641 πατριαρχικῆς
1583 3573 1915 3642 ἀποφάσεως

332 3664 433 3733 τὴν
462 3662 750 3732 ἔκκλητον,
800 3663 940 3732 μήτε
984 3663 1165 3732 πάντη
1220 3662 1485 3717 ἐνδοτέον.
1524 3662 1665 3717 Ἀλλ’
1720 3664 1771 3717 εἰ
1814 3664 1914 3733 μὲν

333 3755 405 3807 τὰ
441 3756 584 3822 μέρη
627 3753 695 3805 τὰ
725 3752 1062 3821 δικαζόμενα
1112 3753 1214 3821 τῆς
1255 3753 1365 3806 τῶν
1400 3756 1719 3822 ἱερωμένων
1752 3757 1784 3826 ἢ
1816 3756 1913 3808 καὶ

340 3845 591 3916 μαντικῶν
648 3845 754 3897 είσι
807 3844 1016 3915 τύχης,
1056 3846 1089 3914 ή
1135 3844 1276 3900 κατά
1323 3861 1472 3907 τινος
1524 3845 1732 3898 τούτων
1776 3846 1918 3904 ἐξεν-

335 3939 560 4008 εχθεῖσα
591 3938 869 4008 ἀπόφασις
899 3941 998 3990 οὐκ
1027 3937 1459 4007 ἀνακριθήσεται
1478 3954 1493 3968 ·
1523 3940 1573 3992 εἰ
1607 3940 1664 3991 δὲ
1690 3940 1915 4009 θάτερον

336 4031 447 4085 τῶν
480 4029 724 4101 μερῶνῆ
760 4029 854 4082 καὶ
882 4027 1050 4098 ἄμφω
1078 4030 1136 4081 ἐν
1170 4029 1339 4099 μοίρᾳ
1380 4032 1664 4083 τάττοιντο
1698 4030 1915 4095 λαῖκοῦ,

338 4123 565 4192 ἀμάχως
619 4120 1145 4191 ἐκκλητευθήσεταν
1205 4122 1386 4191 ἕτεροι
1444 4123 1546 4191 τῆς
1598 4122 1915 4187 ὑποθέσεως

338 4213 436 4282 τὴν
464 4213 726 4280 ποιότητα
760 4211 988 4279 λέγουσι
1014 4210 1345 4282 γεννήτριαν
1374 4207 1513 4264 εἶναι
1541 4211 1643 4279 τῆς
1676 4211 1913 4283 Ἐκκλη-

340 4307 483 4368 σὶας.
528 4304 723 4373 Ἦμέν
754 4306 864 4375 γὰρ
892 4303 1328 4373 ἐκκλησιαστικὴ
1365 4303 1595 4374 ζήτησις
1643 4305 1744 4356 οὐκ
1795 4304 1919 4357 ὠδί-

336 4414 440 4461 νει,
472 4397 628 4467 φασὶ,
682 4396 898 4449 παιδίον
949 4395 1425 4466 ἐκκλητοπόθητον
1454 4410 1469 4427 ·
1508 4398 1541 4466 ἡ
1585 4395 1643 4448 δὲ
1692 4413 1915 4466 χρημα-

337 4490 466 4560 τικὴ
502 4490 717 4543 κυῖσκει
744 4488 844 4557 τὴν
888 4487 1178 4557 ἔκκλητον,
1229 4487 1305 4550 ὡς
1340 4489 1606 4558 ὲχιδναῖον
1636 4490 1912 4559 ἄμϐλωμα

338 4582 435 4650 τῆς
459 4580 722 4651 τεκούσης
768 4582 1099 4650 σπαράττων
1139 4579 1207 4633 τὰ
1252 4581 1485 4648 ἔγκατα.
1533 4580 1741 4643 Ἀλλοι,
1785 4583 1914 4645 τοὺς

340 4672 514 4725 ταῦτα
560 4672 819 4739 λέγοντας
864 4670 1336 4740 ἐπιστομίζοντες,
1392 4670 1605 4735 ἀξιοῦσι
1656 4673 1777 4725 τότε
1825 4676 1920 4726 καὶ

345 4763 504 4833 μόνον
533 4763 856 4816 ὑποκεῖσθαι
888 4762 1140 4830 ἐκκλήτῳ
1178 4762 1276 4832 τὴν
1326 4765 1736 4836 πατριαρχικὴν
1784 4766 1923 4819 ἀπό.

343 4872 528 4925 φασιν,
561 4857 649 4909 ὅτε
680 4856 826 4908 κατὰ
854 4854 1136 4924 βασιλικὸν
1169 4856 1397 4925 ὁρισμὸν
1444 4856 1790 4928 προκάθηται
1834 4858 1917 4912 δι-

342 4947 525 5012 κάζων
552 4949 580 5000 ό
616 4949 956 5019 πατριάρχης
991 4947 1130 5017 μετὰ
1160 4949 1551 5018 συνδικαστῶν,
1585 4950 1618 5021 ἢ
1646 4951 1742 5005 καὶ
1779 4950 1920 5022 μετὰ

342 5041 441 5109 τῆς
476 5041 683 5104 οἰκείας
729 5041 968 5095 συνόδου.
1008 5041 1166 5111 Ἐμοὶ
1195 5041 1253 5094 δέ
1283 5041 1434 5096 δοκεῖ
1457 5044 1552 5109 ὡς,
1588 5043 1715 5097 ἐπεὶ
1749 5047 1797 5097 οἱ
1833 5045 1922 5097 νό-

349 5149 441 5203 μοι
474 5135 579 5202 προ
606 5131 700 5186 τοῦ
735 5131 1074 5201 καταστῆναι
1127 5133 1228 5201 τὴν
1260 5135 1727 5205 ἐκκλησιαστικὴν
1766 5135 1921 5199 τάξιν

349 5227 791 5295 συνεγράφησαν,
825 5228 918 5280 καὶ
954 5228 1003 5279 oi
1038 5224 1256 5287 πλείους
1288 5227 1496 5281 τούτων
1533 5228 1686 5298 παρὰ
1725 5227 1920 5299 Ἐλλή-

347 5335 476 5383 νων,
513 5317 695 5381 καλῶς
720 5318 821 5371 οὐκ
859 5319 1212 5389 ἐμνήσθησαν
1243 5318 1619 5389 πατριαρχῶν.
1660 5321 1723 5372 Et
1752 5319 1810 5372 δέ
1836 5338 1922 5384 τις

348 5413 466 5482 ἐρεῖ
494 5413 588 5465 καίΙ
608 5412 758 5482 παρὰ
793 5411 1057 5481 βασιλέων
1100 5410 1395 5483 όρθοδόξων
1424 5411 1676 5480 γενέσθαι
1694 5413 1922 5482 Νεαρὰν

353 5507 491 5576 μετὰ
542 5505 605 5558 τὸ
660 5507 956 5575 τιμηθῆναι
1002 5506 1129 5567 τοὺς
1179 5504 1614 5577 πατριαρχικοὺς
1673 5506 1920 5576 θρόνους,

352 5600 573 5653 ἀκούσει
614 5598 832 5669 πρῶτον
869 5598 968 5667 μὲν
1014 5597 1088 5659 ὡς
1136 5598 1257 5651 οὐδὲ
1298 5599 1379 5661 είς
1419 5598 1719 5669 ἐνθύμησιν
1760 5597 1923 5672 ἦλθεν

352 5693 615 5763 ὀρθοδόξῳ
648 5691 853 5762 βασιλεῖ
877 5691 1118 5746 τοιοῦτόν
1141 5710 1194 5745 τι
1225 5690 1563 5762 τολμηθῆναί
1607 5710 1738 5746 ποτε
1772 5694 1925 5764 παρά

360 5800 521 5850 τινος,
563 5784 660 5838 καὶ
713 5783 886 5837 εἰπεῖν
932 5783 1030 5854 τὴν
1064 5783 1243 5854 κρίσιν
1284 5780 1379 5837 τοῦ
1411 5781 1649 5858 τοσαύτῃ
1687 5801 1915 5855 τετιμη-

1944 4443 1995 4502 D

2011 3208 2403 3267 excludendatn
2463 3221 2585 3261 esse
2661 3203 3125 3274 appellationem,
3198 3216 3301 3255 nec
3368 3200 3595 3252 omnino

2013 3301 2439 3358 concedendam.
2471 3297 2576 3352 Sed
2610 3296 2654 3353 si
2686 3303 2869 3367 partes
2922 3295 3166 3365 quidem,
3202 3309 3325 3363 qua:
3354 3294 3406 3345 in
3437 3290 3593 3359 judi-

2014 3395 2101 3449 cio
2129 3391 2489 3454 contendunt,
2522 3397 2651 3444 sunt
2700 3389 2786 3443 vel
2826 3388 3152 3443 clericorum
3191 3385 3274 3439 vel
3301 3385 3599 3437 monacho-

2014 3502 2134 3540 rum
2164 3484 2396 3550 ordinis,
2430 3483 2643 3554 prolata
2684 3483 2947 3535 adversus
2980 3480 3214 3549 aliquem
3243 3493 3431 3531 eorum
3468 3491 3593 3530 scn-

2017 3578 2205 3639 tentia,
2234 3592 2344 3629 non
2387 3590 2583 3629 rursus
2630 3573 3092 3627 cxaminabitur:
3146 3571 3190 3622 si
3246 3584 3373 3621 vero
3421 3569 3597 3620 altera

2018 3684 2143 3738 pars
2188 3669 2271 3722 vel
2316 3674 2551 3734 utraque
2600 3663 2711 3719 sint
2760 3662 2883 3715 laici
2936 3660 3174 3721 ordinis,
3236 3658 3376 3711 citra
3427 3657 3593 3709 ullam

2016 3756 2442 3815 controversiam
2468 3754 2850 3825 appellabitur.
2873 3752 2977 3804 Alii
3004 3764 3130 3804 vero
3152 3748 3344 3801 dicunt
3370 3761 3593 3801 causam

2017 3866 2136 3905 esse
2162 3847 2546 3919 appellationis
2574 3846 2915 3916 genitricem.
2945 3842 3121 3897 Causa
3148 3842 3294 3896 enim
3338 3840 3598 3893 ecclesia-

2018 3946 2153 4001 stica
2190 3958 2298 3997 non
2343 3941 2505 4011 parit,
2555 3940 2831 4010 inquiunt,
2888 3934 3055 3989 fetum
3109 3931 3530 4003 appellatorium
3579 3945 3594 3983 :

2021 4036 2337 4106 pecuniaria
2400 4042 2581 4087 autem
2634 4031 2778 4101 parit
2819 4026 3267 4098 appellationem,
3331 4033 3591 4089 tanquam

2018 4129 2321 4197 viperinam
2354 4124 2647 4195 quamdam
2690 4120 3036 4176 abertionem
3090 4117 3329 4185 parentis
3384 4115 3597 4191 viscera

2022 4221 2370 4275 lacerantem.
2402 4217 2508 4271 Alii
2544 4216 2633 4279 iis,
2662 4217 2750 4281 qui
2781 4214 2896 4267 haec
2921 4213 3132 4276 dicunt,
3161 4223 3222 4262 os
3244 4208 3596 4261 οουιυιιειιιεε

2021 4319 2248 4367 censent
2313 4309 2739 4379 patriarchalem
2814 4307 3144 4360 sententiam
3225 4310 3357 4355 tunc
3419 4300 3594 4354 solum

2024 4402 2372 4474 appellationi
2438 4399 2657 4469 subjici,
2704 4395 2924 4467 quando
2984 4394 3239 4447 mandato
3316 4388 3593 4458 imperiali

2026 4495 2279 4568 prtesidet
2335 4493 2644 4563 patriarcha
2694 4506 2817 4544 cum
2866 4488 2989 4541 aliis
3044 4483 3461 4553 conjndicibns,
3514 4481 3601 4534 vel

2022 4602 2145 4642 cum
2165 4600 2264 4640 sua
2290 4583 2518 4655 synodo.
2542 4582 2672 4635 Mihi
2693 4590 2873 4634 autem
2902 4578 3137 4639 videtur,
3164 4575 3306 4643 quod
3331 4573 3595 4641 quoniam

2024 4677 2188 4747 leges,
2212 4685 2502 4744 antequam
2521 4672 2927 4727 ecclesiasticus
2945 4676 3121 4723 status
3145 4666 3602 4726 constitueretur,

2022 4767 2349 4835 conscriptae
2370 4774 2522 4831 sunt,
2550 4774 2604 4819 et
2635 4763 2949 4831 complures
2982 4776 3168 4815 earum
3198 4774 3227 4812 a
3260 4757 3489 4817 Grmcis,
3518 4772 3606 4809 τε-

2022 4870 2109 4918 cte
2165 4861 2369 4914 nullam
2418 4858 2853 4928 patriarcharum
2919 4853 3253 4909 mentionem
3304 4850 3499 4905 fecere.
3547 4848 3611 4902 Si

2024 4954 2147 5024 quis
2192 4961 2371 5006 autem
2417 4952 2564 5005 dicat
2594 4951 2756 5005 etiam
2782 4949 2849 5003 ab
2885 4946 3211 5003 orthodoxis
3253 4942 3605 5013 imperatori-

2022 5049 2125 5103 bus
2144 5045 2341 5100 l‘actam
2370 5042 2536 5097 fuisse
2557 5041 2860 5104 Novellum,
2876 5050 3165 5110 p05tquam
3191 5037 3347 5091 sedes
3368 5036 3608 5106 patriar-

2021 5139 2205 5195 chales
2233 5138 2441 5191 honore
2470 5134 2676 5189 affectae
2694 5132 2804 5187 sint
2825 5172 2839 5197 ,
2874 5132 3111 5201 primum
3137 5128 3359 5198 quidem
3393 5125 3600 5186 audiet,

1980 5276 1983 5281 .
2021 5231 2164 5300 quod
2224 5227 2532 5282 orthodoxo
2579 5223 2893 5293 imperatori
2932 5235 3211 5290 nunquam
3258 5219 3310 5271 in
3362 5227 3607 5270 mentem-

2023 5320 2187 5383 venit,
2206 5317 2448 5372 futurum
2473 5324 2532 5369 ut
2557 5315 2681 5385 quis
2715 5315 2818 5367 hoc
2847 5312 3091 5375 auderet,
3116 5320 3172 5364 et
3200 5309 3427 5369 diceret,
3456 5306 3603 5375 quod

2024 5426 2053 5468 a
2095 5422 2249 5466 tanta
2289 5412 2617 5465 auctoritate
2664 5408 2887 5477 praedito
2921 5414 3142 5473 tamque
3181 5404 3455 5456 honorato
3506 5399 3603 5468 ju-

2024 5506 2264 5561 dicatum
2300 5506 2369 5558 sit
2394 5519 2516 5558 esse
2553 5517 2743 5557 rursus
2778 5504 2832 5554 in
2878 5499 3142 5567 judicium
3198 5493 3469 5550 revotand
3497 5508 3594 5548 Im.

2027 5598 2232 5653 Deinde
2263 5606 2313 5652 et
2344 5594 2641 5651 Iustiniani
2667 5592 2966 5654 Novellam,
2992 5591 3054 5644 in
3106 5586 3389 5657 praesentis
3430 5599 3601 5639 cano-

2027 5690 2116 5745 nis
2152 5687 2604 5755 interpretatione
2648 5686 2906 5754 positam,
2955 5695 3065 5735 nua
3101 5685 3326 5735 cavetur
3371 5692 3437 5730 ne
3470 5676 3597 5744 quis

2045 5777 2399 5852 patriarchali
2439 5775 2725 5849 sententiae
2757 5771 3118 5841 contradicat,
3158 5768 3408 5827 sutl'tcere
3436 5765 3503 5821 ad
3531 5780 3603 5822 οι
