4052 6386
417 308 548 367 1311

1679 301 1955 363 THEOD.
2004 301 2403 371 BALSAMON

3544 298 3693 366 1312

412 420 494 474 eis
523 420 737 487 penitus
770 416 1167 473 occludendum
1194 434 1209 471 :
1246 417 1316 472 ab
1344 430 1409 474 eo
1431 426 1614 471 autem
1650 416 1716 470 de
1744 416 1835 478 iis,
1867 429 1987 486 qua:

2114 417 2255 472 ιένου
2294 417 2677 488 μεγαλειότητι
2725 413 3139 487 ἀνακρίνεσθαι.
3172 408 3308 468 Εἶτα
3333 413 3391 469 δὲ
3427 417 3528 472 καὶ
3575 417 3691 489 τὴν

415 513 484 567 ab
523 512 616 567 illo
650 511 805 567 facta:
839 519 968 567 sunt
996 511 1496 582 supernumerariis
1527 510 1991 587 ordinationibus,

2096 505 2574 577 καταστρωθεῖσαν
2600 505 2820 576 Νεαρὰν
2865 506 2960 559 τοῦ
3008 505 3394 561 Ἰόυστινιανοῦ
3446 508 3529 571 εἰς
3578 508 3690 578 τὴν

417 605 688 661 rationem
728 604 894 673 exigi,
921 618 1030 658 non
1072 604 1372 659 introducit
1407 604 1528 675 ejus
1557 602 1895 672 iudiciorum
1924 602 1996 657 de

2114 594 2192 649 tofi
2238 596 2508 667 παρόντος
2550 596 2776 659 κανόνος
2826 596 3151 667 ἑρμηνείαν,
3180 594 3276 649 καὶ
3298 595 3694 666 διοριζομένην

419 696 631 768 integro
658 697 1147 752 exanimationem.
1173 695 1313 752 Illud
1355 696 1505 752 enim
1532 703 1618 752 est
1645 694 1850 751 factum
1879 708 2001 764 pro-

422 791 602 861 prium
633 806 646 843 :
674 790 780 844 hoc
819 803 973 853 vero,
1003 788 1152 843 sedis
1182 787 1555 857 privilegium.
1591 785 1864 854 Quoniam
1894 783 1999 854 igi-

422 893 515 938 tur
539 890 804 937 statutum
846 889 950 945 est,
980 879 1192 935 nullum
1223 894 1320 950 per
1339 879 1505 933 alium
1537 877 1740 949 injuria
1764 875 2004 932 adicien-

421 973 575 1040 dum,
651 972 767 1039 ipse
830 970 1050 1040 quidem
1103 969 1171 1023 ab
1225 969 1552 1038 imperatore
1597 966 1692 1037 qui
1747 964 2004 1022 Ecclesiae

421 1064 587 1118 habet
637 1061 927 1130 petestatis
975 1060 1287 1124 scientiam,
1346 1057 1714 1129 judicabitur,
1765 1054 1907 1112 forte
1946 1062 2005 1109 ut

422 1152 725 1217 sacrilegus
767 1150 849 1204 vel
881 1149 1024 1205 male
1070 1149 1137 1203 de
1171 1147 1277 1203 ﬁde
1325 1149 1605 1214 sentiens,
1640 1146 1731 1201 vel
1764 1146 2004 1216 alicujus

424 1243 562 1297 alius
586 1242 834 1298 criminis
856 1256 1004 1297 reus.
1039 1239 1155 1296 Hoc
1173 1240 1318 1295 enim
1342 1238 1795 1311 nosjudicialiter
1821 1248 2003 1293 actum

424 1348 548 1388 esse
588 1334 829 1388 vidimus
856 1334 1089 1389 diversis
1118 1333 1483 1404 temporibus,
1510 1332 1633 1402 ejus
1655 1338 1836 1387 autem
1857 1329 2011 1401 judi-

427 1427 568 1478 cium
623 1426 676 1479 in
723 1425 1181 1495 disceptationem
1224 1442 1333 1481 non
1376 1425 1649 1492 revocari,
1684 1440 1785 1481 nec
1834 1423 1903 1480 de
1941 1440 2010 1481 eo

428 1518 570 1572 ratio
620 1518 886 1588 postulari
932 1518 1091 1574 debet
1120 1527 1344 1589 propter
1396 1521 1544 1576 sedis
1602 1519 2010 1575 excellentiam.

431 1610 567 1675 Quia
592 1626 721 1664 vero
750 1611 1013 1666 adversus
1045 1611 1190 1665 hanc
1216 1612 1500 1667 Novellam
1530 1611 1752 1682 quidam
1789 1627 2013 1682 perver-

437 1718 558 1756 sam
628 1702 873 1772 linguam
915 1703 1295 1772 immitemque
1345 1712 1643 1769 exacuunt,
1696 1711 1751 1758 et
1795 1703 2010 1766 dicunt,

2103 688 2309 758 μηδένα
2356 686 2660 755 ἀντιλέγειν
2712 686 2853 741 κατά
2880 688 2980 757 τῆς
3019 687 3430 758 πατριαρχικῆς
3475 686 3693 755 ψήφου,

2100 781 2292 852 ἀρκεῖν
2339 781 2421 844 είς
2471 778 2713 849 παντελῆ
2773 780 2977 834 τούτων
3026 780 3467 849 ἐπιστομισμόνο
3518 779 3578 832 τὸ
3623 777 3697 831 δὲ

2100 869 2564 942 λογοπραγεῖσθαι
2603 868 2796 925 τοῦτον
2828 871 2990 940 χάριν
3017 869 3130 922 τῶν
3177 870 3309 939 παρ’
3337 867 3504 921 αὑτοῦ
3533 885 3697 937 γινοο

2106 965 2286 1035 μένων
2328 962 2746 1035 ὑπεραριθμίων
2785 961 3136 1034 χειροτονιῶν
3186 962 3287 1015 οὐκ
3336 961 3552 1028 εἰσάγει
3589 962 3697 1013 καὶ

2103 1055 2213 1109 τῶν
2238 1054 2476 1127 κρίσεων
2504 1054 2695 1109 τούτου
2729 1054 3040 1124 ἀνάκρισιν.
3071 1052 3145 1105 Τὸ
3194 1053 3295 1123 μὲν
3323 1054 3433 1122 γὰρ
3479 1051 3703 1120 φάκτον

2105 1146 2305 1201 οἰκεῖόν
2339 1148 2476 1214 ἐστι,
2524 1147 2586 1201 τὸ
2612 1146 2672 1201 δὲ
2716 1146 2812 1201 τοῦ
2840 1147 3035 1217 θρόνου
3070 1146 3395 1217 προνόμιον.
3429 1145 3555 1198 Ὀτι
3594 1140 3707 1198 οὖν

2106 1238 2420 1308 νενόμισται
2448 1238 2654 1310 μηδένα
2686 1238 2756 1292 δι’
2800 1238 2995 1310 ἐτέρου
3021 1238 3350 1302 ἀδικεῖσθαι,
3385 1237 3549 1299 αὐτὸς
3587 1239 3700 1307 μὲν

2109 1330 2261 1400 παρά
2292 1330 2367 1401 τῷ
2396 1331 2849 1404 ἐπιστημονάρχῃ
2871 1334 2971 1403 τῆς
3008 1330 3340 1401 Ἐκκλησίας
3367 1331 3447 1399 τῷ
3476 1331 3707 1401 βασιλεῖ

2112 1424 2455 1495 κριθήσεται,
2481 1424 2557 1488 ὡς
2604 1423 2882 1494 ἱερόσυλος
2922 1425 3085 1494 τυχὸν
3118 1424 3153 1494 ἢ
3188 1422 3521 1494 ὲτερόδοξος,
3549 1422 3582 1493 ἢ
3619 1424 3710 1487 ὡς

2111 1516 2299 1587 ἕτερόν
2322 1533 2377 1570 τι
2404 1515 2768 1588 ἡμαρτηκὼς.
2804 1515 3035 1585 Εῐδομεν
3079 1515 3190 1586 γὰρ
3239 1516 3399 1569 τοῦτο
3428 1517 3522 1569 καὶ
3553 1534 3704 1587 πρα-

2113 1608 2401 1678 γματικῶς
2448 1607 2674 1678 γεγονὸς
2717 1607 2858 1677 μετά
2908 1608 3201 1679 διαφόρους
3253 1606 3503 1678 καιρούς.
3532 1608 3608 1661 Τδ
3640 1608 3707 1661 se

2115 1703 2464 1773 δικαστήριον
2487 1701 2655 1757 αὑτοῦ
2685 1701 3101 1771 ἀλογόπρακτον
3141 1700 3295 1754 έσται
3342 1700 3431 1754 διά
3468 1701 3569 1770 τὴν
3596 1700 3701 1754 τοῦ

435 1801 567 1847 tunc
615 1809 725 1846 non
786 1809 951 1863 posse
1012 1795 1338 1864 patriarcha:
1399 1794 1613 1865 judicio
1673 1794 2008 1860 contradici,

2119 1772 2659 1865 θρόνουύπεροχήν.
2716 1793 2871 1847 Ἐπεὶ
2926 1792 2988 1847 δέ
3038 1809 3189 1853 τινες
3244 1793 3341 1847 καί⁸
3400 1794 3545 1847 κατά
3594 1793 3708 1863 τῆς

434 1883 656 1953 quando
682 1886 993 1954 patriarcha
1022 1886 1174 1941 audit
1204 1902 1301 1957 per
1332 1887 1753 1957 appellationem
1778 1887 2000 1942 antisti-

439 1977 509 2030 tis
558 1978 913 2042 sententiam,
949 1992 1014 2032 eo
1044 1979 1189 2047 quod
1235 1978 1372 2033 nolit
1422 1978 1645 2034 Novella
1690 1994 1913 2034 causam
1957 1979 2011 2033 in

439 2067 654 2121 duobus
683 2067 908 2137 judiciis
953 2070 1212 2141 agitatam
1257 2070 1321 2125 ad
1348 2072 1570 2125 tertium
1620 2071 1848 2138 deduci;
1906 2086 2015 2126 non

439 2169 618 2213 autem
667 2161 882 2229 quando
949 2163 1128 2230 primo
1185 2162 1304 2215 loco
1366 2161 1609 2231 judicat,
1665 2170 1725 2217 et
1784 2163 2019 2217 maxime

442 2250 612 2304 Iaicos
649 2267 662 2302 :
687 2251 833 2315 dico,
862 2266 947 2306 me
979 2268 1138 2322 posse
1157 2252 1375 2323 quidem
1400 2254 1566 2309 multa
1590 2256 1655 2308 ad
1680 2256 1793 2310 haec
1814 2255 2018 2325 dicere,

441 2352 495 2394 et
535 2342 824 2399 ostendere
878 2344 1027 2413 ipsos
1078 2359 1188 2399 non
1226 2354 1374 2401 recte
1402 2345 1605 2401 dicere.
1640 2345 1781 2413 Quia
1836 2358 2019 2402 autem

445 2449 619 2487 (anon
651 2434 683 2486 4
738 2434 1086 2492 Sardicensis
1116 2438 1309 2508 synodi
1337 2437 1586 2493 decernit
1630 2438 1794 2493 licere
1820 2440 1893 2504 ei,
1925 2440 2019 2510 qui

442 2532 528 2577 est
554 2526 977 2589 condemnatus,
1013 2527 1097 2581 his
1139 2528 1437 2597 appellare,
1475 2538 1538 2583 ut
1589 2529 1845 2585 ultimum
1872 2530 2023 2600 judi-

443 2618 587 2669 cium
625 2616 739 2670 [ieri
770 2633 797 2669 a
824 2635 957 2687 papa
984 2617 1234 2674 Romano
1271 2636 1287 2675 :
1332 2636 1440 2674 non
1479 2621 1611 2676 sinit
1658 2622 1761 2677 hoc
1786 2623 1867 2678 eis
1900 2637 2023 2691 pro-

444 2705 661 2761 cedere.
694 2707 811 2762 Alia
837 2709 1056 2778 quidem
1092 2711 1483 2779 praetermitto;
1512 2712 1617 2766 hoc
1657 2721 1836 2766 autem
1876 2712 2018 2780 dico,

446 2798 591 2865 quod
624 2800 884 2868 quoniam
923 2802 1098 2854 sancti
1127 2800 1475 2857 Constantini
1514 2803 1792 2858 decretum
1832 2805 1897 2857 ad
1924 2819 2024 2874 pa-

446 2903 569 2957 pam
606 2888 936 2945 Silvestrum
986 2888 1213 2959 factum,
1255 2908 1283 2945 a
1328 2894 1487 2949 nobis
1518 2894 1572 2948 in
1601 2910 1721 2965 cap.
1774 2896 1828 2962 1,
1875 2897 1960 2951 tit.
1992 2894 2026 2949 8

447 2982 737 3050 prasentis
763 2983 947 3049 operis
982 2983 1440 3054 interpretatione
1480 2986 1644 3040 situm
1680 2986 1893 3048 statuit,
1925 3000 2026 3057 pa-

450 3088 573 3143 pam
594 3072 796 3127 habere
822 3075 1006 3128 omnia
1030 3074 1156 3144 jura
1212 3076 1515 3146 imperialia
1568 3076 1808 3130 secunda
1844 3085 2024 3131 autem

2118 1885 2379 1957 τοιαύτης
2409 1886 2631 1957 Νεαρᾶς
2672 1885 2957 1950 δπλίζουσι
3024 1883 3274 1952 γλῶτταν
3329 1885 3554 1939 σκολιὰν
3609 1884 3710 1938 καὶ

2122 1979 2432 2045 ἀτίθασσον,
2469 1980 2562 2034 καὶ
2594 1978 2814 2047 λέγουσι
2855 1980 2977 2032 τότε
3010 1978 3086 2049 μὴ
3122 1978 3383 2033 δύνασθαι
3417 1980 3511 2031 τὸν
3547 1979 3705 2049 παρὰ

2122 2071 2438 2141 πατριάρχῃ
2466 2069 2832 2139 δικασάμενον
2855 2067 3181 2137 ἀντιλέγειν,
3210 2069 3300 2122 ὅτε
3340 2068 3468 2122 κατ’
3499 2068 3709 2140 ἐκκλη-

2122 2179 2215 2216 τον
2258 2164 2286 2215 ὁ
2310 2161 2656 2231 πατριάρχης
2706 2161 2975 2227 ἀκροᾶται
3016 2160 3116 2228 τῆς
3157 2159 3445 2228 ἱερατικῆς
3483 2160 3707 2229 ἀποφά-

2127 2271 2286 2319 σεως,
2316 2252 2404 2306 διὰ
2434 2252 2493 2305 τὸ
2547 2252 2621 2321 μὴ
2666 2250 2872 2305 ἐθέλειν
2927 2250 3028 2318 τὴν
3064 2250 3284 2318 Νεαρὰν
3338 2249 3438 2320 τὴν
3492 2251 3575 2313 εἰς
3619 2250 3704 2302 δύο

2125 2345 2457 2416 δικαστήρια
2513 2343 2845 2414 ζητηθεῖσαν
2902 2340 3195 2408 ὑπόθεσιν,
3252 2342 3348 2396 καὶ
3389 2344 3472 2405 είς
3525 2341 3707 2410 τρίτον

2127 2440 2473 2508 εἰσάγεσθαι,
2506 2438 2568 2492 οὐ
2617 2437 2723 2508 μὴν
2777 2437 2906 2491 ὅταν
2954 2437 3332 2507 πρωτοτύπως
3385 2434 3577 2507 δικάζῃ
3609 2434 3704 2486 καὶ

2132 2531 2367 2602 μάλιστα
2409 2528 2661 2592 λαῖκούς·
2714 2528 2859 2596 λέγω
2908 2530 2992 2582 ὅτι
3042 2525 3188 2599 εἶχον
3235 2527 3336 2596 μὲν
3375 2526 3512 2594 πρὸς
3549 2523 3705 2577 τοῦτο

2130 2622 2302 2678 πολλά
2352 2622 2545 2685 εἰπεῖν,
2583 2621 2679 2675 καί⁵
2732 2622 3083 2691 παραστῆσαι
3141 2619 3343 2681 αὐτοὺς
3397 2617 3474 2687 μὴ
3530 2616 3711 2679 καλῶς

2129 2717 2344 2785 λέγειν·
2380 2718 2462 2770 ὅτι
2500 2716 2558 2769 δὲ
2581 2717 2609 2769 ὁ
2648 2716 2690 2769 δ’
2730 2713 2913 2768 κανὼν
2956 2714 3056 2781 τῆς
3103 2713 3162 2765 ἐν
3194 2710 3432 2780 Σαρδικῇ
3490 2707 3711 2761 συνόδου

2129 2810 2425 2883 διορίζεται
2452 2809 2599 2881 ἔχειν
2644 2810 2735 2863 ἐπ’
2772 2808 2959 2871 ἀδείας
2988 2805 3083 2860 τὸν
3113 2803 3599 2858 καταδικασθέντα
3627 2801 3714 2863 δὶς

2131 2904 2504 2969 ἐκκαλεῖσθαι,
2548 2904 2644 2957 καλ¹
2694 2901 2794 2973 τὴν
2852 2898 3168 2954 τελευταίαν
3226 2897 3410 2967 κρίσιν
3458 2893 3715 2962 γίνεσθαι

2133 2999 2288 3069 παρά
2313 2999 2409 3053 τοῦ
2452 2997 2656 3052 πάππα
2701 2996 2802 3065 τῆς
2846 2993 3088 3062 Ῥώμης,
3121 2993 3181 3045 ού
3232 2989 3562 3060 παραχωρεῖ
3589 2989 3717 3041 τού-

2054 3124 2098 3182 c
2133 3109 2248 3155 τοις
2281 3090 2508 3144 τοιαῦτα
2562 3088 2896 3159 προτιθέναι.
2950 3086 3031 3182 Τά
3252 3082 3392 3182 ἄλλα
3450 3081 3721 3182 παρίημι,

454 3164 779 3219 universalis
812 3167 1054 3236 synodus
1087 3178 1140 3222 ct
1171 3176 1366 3237 quarta
1400 3168 1669 3223 dederunt
1704 3169 2012 3239 p:ariarcha

2130 3184 2276 3252 λέγω
2313 3184 2371 3237 δὲ
2421 3183 2524 3248 ὅτι,
2552 3180 2675 3234 ἐπεὶ
2702 3178 2763 3232 τὸ
2805 3178 2905 3247 μὲν
2939 3176 3033 3231 τοῦ
3082 3175 3242 3244 ἁγίου
3296 3173 3716 3228 Κωνσταντίνου

454 3256 1073 3327 Constantinopolitano
1105 3261 1389 3330 privilegia
1425 3275 1575 3331 papae
1616 3270 1669 3315 et
1699 3269 2009 3316 statuerunt

2133 3275 2412 3344 θέσπισμα
2458 3274 2519 3326 τὸ
2574 3271 2712 3341 πρὸς
2760 3271 2851 3324 τὸν
2901 3270 3056 3338 ἆγιον
3105 3267 3430 3338 Σίλϐεστρον
3460 3265 3717 3334 γεγονὸς,

456 3359 535 3413 ut,
568 3349 1034 3416 quemadmodum
1071 3361 1124 3404 et
1152 3353 1264 3416 ille,
1302 3353 1355 3405 in
1392 3353 1648 3407 omnibus
1689 3354 1991 3408 ltonoretur

2136 3365 2533 3438 καταστρωθὲν
2585 3363 2717 3434 παρ’
2761 3362 2921 3432 ἡμῶν
2977 3363 3058 3423 εἰς
3109 3360 3209 3430 τὴν
3262 3357 3564 3430 ἑρμηνείαν
3621 3356 3725 3411 τοῦ

457 3442 774 3495 necessario
803 3442 856 3494 in
896 3444 1017 3512 ejus
1046 3446 1372 3499 sententiam
1405 3447 1697 3516 appellatio
1727 3463 1836 3501 non
1866 3450 2008 3503 cadit

2137 3460 2356 3532 πρώτου
2387 3475 2513 3527 κεφ.
2544 3457 2640 3510 τοῦ
2663 3464 2713 3526 η’
2742 3456 2925 3510 τίτλου
2952 3453 3048 3508 τοῦ
3083 3454 3352 3523 παρόντος
3394 3451 3720 3520 συντάγμα-

458 3533 919 3603 quemadmodum
971 3534 1134 3607 M3
1185 3552 1282 3592 nec
1326 3536 1392 3592 de
1425 3538 1692 3608 imperiali
1769 3540 2012 3595 sententi:

2136 3569 2250 3618 τος,
2281 3551 2573 3621 διορίζεται
2609 3549 2752 3619 ἔχειν
2776 3549 2866 3601 τὸν
2898 3548 3132 3601 πάππαν
3159 3545 3338 3600 πάντα
3362 3545 3429 3600 τά
3456 3543 3723 3614 βασιλικὰ

463 3624 749 3694 quaeritur.
784 3625 1078 3698 PrOpterea
1126 3629 1292 3695 enim,
1319 3637 1378 3683 ut
1416 3639 1499 3684 est
1522 3639 2012 3696 consentaneum,e

2139 3645 2362 3699 δίκαιαο
2395 3644 2428 3714 ή
2458 3642 2516 3695 δὲ
2562 3642 2793 3712 δευτέρα
2849 3639 3204 3710 οίκουμενικὴ
3262 3638 3482 3700 σύνοδος
3535 3635 3634 3690 καὶ
3688 3637 3728 3709 ἡ

462 3718 745 3788 synodalia
778 3719 955 3774 edicta
992 3725 1167 3777 instar
1213 3722 1620 3791 privilegiorum
1650 3723 1910 3793 regalium
1928 3722 2012 3778 edi

2140 3736 2373 3806 τετάρτη
2423 3732 2687 3787 δεδώκασι
2729 3732 2806 3803 τῷ
2852 3731 3166 3803 πατριάρχῃ
3201 3728 3732 3785 Κωνσταντινουπό-

464 3820 679 3865 ιιιοιιιιη
709 3812 1055 3868 emittuntur.
1097 3814 1233 3869 Cum
1263 3814 1366 3868 hoc
1401 3824 1582 3869 autem
1612 3816 1685 3869 ita
1726 3831 1783 3870 se
1820 3816 2012 3871 habeat

2142 3825 2278 3887 λεως
2329 3824 2400 3877 τὰ
2445 3822 2720 3892 προνόμια
2768 3821 2864 3875 τοῦ
2923 3822 3145 3885 πάππα,
3194 3819 3286 3873 καὶ
3340 3818 3550 3888 ὥρισαν
3604 3815 3735 3871 κατ’

469 3904 692 3972 reliquae
729 3920 948 3975 quoque
989 3920 1182 3961 eorum
1225 3915 1446 3961 cessant
1487 3907 1867 3978 allegationes.
1901 3907 2012 3962 Nan

2145 3918 2355 3970 ἐκεῖνον
2405 3916 2496 3967 ἐπὶ
2543 3914 2712 3967 πᾶσιν
2759 3911 3057 3982 τιμᾶσθαι·
3101 3910 3161 3977 ἐξ
3195 3910 3449 3979 ἀνάγκης
3477 3905 3738 3979 ἐκκλήτῳ

467 3995 583 4047 sive
613 3997 847 4051 clericos
886 3998 1000 4051 sive
1026 3998 1195 4054 laicos
1219 3997 1548 4068 judicaverit
1578 4000 1908 4069 patriarcha,
1932 4000 2012 4055 siv

2146 4010 2243 4078 οὐχ
2263 4008 2514 4078 ὑποπέσῃ
2557 4008 2589 4077 ἡ
2642 4005 2835 4060 τούτου
2877 4004 3173 4071 ἀπόφασις,
3204 4001 3395 4072 ὥσπερ
3419 4000 3541 4054 οὐδὲ
3565 4002 3600 4070 ὴ
3632 3999 3741 4071 βα-

472 4088 666 4140 laicum
700 4104 823 4142 cum
856 4089 1082 4153 clerico,
1123 4091 1240 4145 sive
1282 4091 1439 4161 jussu
1500 4091 1878 4161 imperatorio,
1930 4092 2011 4146 siv

2151 4098 2337 4170 σιλικὴ
2385 4098 2662 4166 ἀπόφασις
2711 4093 3087 4164 ἀνακρίνεται.
3132 4093 3231 4146 Διά
3275 4091 3386 4162 γὰρ
3436 4090 3615 4153 τοῦτο,
3657 4088 3740 4154 ὡς

464 4180 592 4247 jure
629 4184 871 4250 proprio,
917 4183 1031 4239 sive
1065 4199 1189 4239 cum
1224 4184 1539 4255 conjudice,
1573 4186 1686 4240 sive
1736 4187 1912 4249 solus,
1942 4185 2012 4240 eri

2152 4191 2321 4255 ἔοικε,
2348 4190 2531 4244 καὶτὰ
2584 4189 2837 4242 συνοδικά
2885 4186 3254 4257 σημειώματα
3289 4186 3434 4239 κατὰ
3490 4184 3559 4237 τὰ
3596 4199 3745 4253 προ-

474 4291 803 4343 quacunque
832 4276 1245 4331 examinatione
1270 4287 1325 4331 et
1363 4278 1706 4345 judicationc
1741 4276 1993 4346 superior

2153 4283 2317 4353 νόμια
2380 4281 2489 4335 τών
2544 4279 2839 4352 βασιλικῶν
2902 4278 3312 4349 σημειωμάτων
3377 4274 3739 4329 ἀπολύονται.

472 4375 526 4419 et
554 4368 644 4434 qui
679 4381 847 4422 ausus
865 4366 1029 4422 fuerit
1059 4369 1125 4422 ad
1162 4371 1551 4439 imperatorem
1578 4368 1875 4439 appellare,
1904 4379 1963 4425 ut
1987 4371 2012 4422 d

2156 4374 2360 4428 Τούτου
2393 4374 2451 4428 δὲ
2486 4371 2663 4435 οὕτως
2716 4372 2955 4441 ἔχοντος,
2990 4371 3208 4433 πάντως
3254 4366 3606 4437 ἀπρακτοῦσι
3639 4367 3746 4419 καὶ

480 4460 811 4528 patriarchae
835 4462 1104 4516 sententia
1128 4478 1320 4519 rursus
1338 4461 1632 4530 iudicetur,
1659 4462 1763 4515 erit
1793 4477 2002 4531 praesen

2114 4466 2226 4547 γτὰ
2254 4465 2419 4520 λοιπά
2455 4464 2945 4533 δικαιολογήματα.
2990 4461 3109 4515 Κᾶν
3155 4460 3265 4528 γὰρ
3312 4456 3622 4530 ίερατικούς
3658 4474 3752 4550 τι·

480 4552 678 4605 canoni
706 4552 1001 4608 obnoxius.
1043 4555 1098 4608 Si
1128 4554 1271 4609 enim
1307 4570 1415 4607 non
1448 4554 1790 4624 permittitur
1820 4555 2012 4623 imper:

2160 4576 2257 4621 νας
2285 4559 2483 4628 δικάσῃ
2507 4558 2534 4609 ὁ
2575 4558 2944 4627 πατριάρχης,
2978 4555 3081 4608 κᾶν
3131 4552 3378 4615 λαῖκοὺς,
3407 4552 3509 4604 κᾶν
3552 4548 3755 4604 λαῖκδν

480 4655 653 4700 torem
702 4648 950 4701 molestia
993 4647 1231 4714 allicere,
1281 4662 1382 4717 pro
1410 4642 1607 4701 rursus
1645 4648 1951 4701 revocanda
1998 4648 2012 4701 i

2166 4651 2304 4722 μετά
2359 4651 2683 4720 ἱερωμένου,
2735 4649 2837 4703 κᾶν
2880 4649 2967 4701 διὰ
3024 4645 3316 4717 βασιλικῆς
3368 4642 3755 4714 προστάξεως,

478 4739 745 4808 judicium
799 4740 1028 4810 alicujus
1070 4739 1483 4809 metropolitani
1525 4740 1790 4795 sententia
1821 4780 1837 4804 ,
1883 4741 2012 4794 mult

2165 4743 2267 4797 κᾶν
2293 4742 2481 4811 οἰκείῳ
2512 4740 2729 4810 δικαίῳ,
2766 4739 2871 4793 κᾶν
2895 4740 3037 4808 μετὰ
3075 4733 3462 4799 συνδικαστοῦ,
3505 4734 3612 4787 κᾶν
3650 4736 3757 4803 μό.

489 4832 663 4902 magis
716 4849 822 4888 non
853 4834 1200 4904 permittetur
1266 4831 1686 4902 patriarchalem
1728 4832 2012 4887 sententia]

2167 4851 2278 4899 νος,
2304 4833 2488 4901 πάσης
2516 4831 2861 4903 ἀνακρίσεως
2892 4829 3047 4883 ἔσται
3078 4828 3344 4882 ἐπέκεινα
3366 4841 3382 4856 '
3426 4824 3525 4879 atati.
3572 4834 3597 4872 I
3627 4826 3755 4876 τοὶ-

485 4924 551 4977 atl
608 4923 1309 4995 imperatoremintroduci.

2174 4926 2355 4996 μήσας
2384 4922 2789 4978 ἐκκαλέσασθαι
2820 4924 2901 4985 εἰς
2928 4920 3159 4989 βασιλέα
3199 4917 3362 4989 χάριν
3389 4917 3486 4969 τοῦ
3517 4918 3761 4986 ἀνακρι-

482 5020 639 5090 Οῆναι
695 5021 795 5088 τὴν
858 5020 1136 5089 ἀπόφασιν
1176 5020 1288 5088 τὴν
1348 5016 1782 5087 πατριαρχικὴν,
1871 5016 2127 5080 ὑπόδικος
2165 5016 2320 5071 ἔσται
2347 5016 2426 5088 τῷ
2459 5016 2693 5087 παρόντι
2725 5014 2934 5069 κανόνι.
2962 5015 3024 5067 Εἰ
3073 5014 3185 5084 γὰρ
3208 5011 3310 5064 οὐκ
3342 5009 3557 5077 ἐφεῖται
3593 5006 3762 5076 βασι-

482 5114 565 5168 λεῖ
600 5114 779 5184 ὀχλείν
818 5115 981 5183 χάριν
1031 5111 1125 5166 τοῦ
1180 5111 1546 5183 ἀνακριθῆναι
1596 5110 1696 5181 τὴν
1744 5107 1839 5163 τοῦ
1887 5109 2060 5172 δεῖνος
2102 5110 2515 5179 μητροπολίτου
2543 5108 2856 5178 ἀπόφασιν·
2900 5106 3086 5177 πολλῷ
3148 5105 3311 5160 πλέον
3348 5105 3451 5158 οὐκ
3502 5102 3765 5173 ἐκχώρη-

484 5208 708 5277 θήσεται
776 5205 1189 5276 πατριαρχικὴν
1267 5204 1563 5273 διάγνωσιν
1632 5202 1786 5273 παρὰ
1840 5200 2054 5272 βασιλεῖ
2092 5202 2347 5269 γενέσθαι
2380 5200 2772 5271 εἰσαγώγιμον.

559 5302 813 5358 ZONAB.
854 5302 1146 5368 Episcopo,
1182 5314 1343 5369 quem
1377 5298 1639 5369 synodus,
1698 5296 1786 5351 vel
1841 5295 2012 5351 clerici

2247 5296 2492 5351 ZﬂNAP.
2544 5297 2777 5367 Εἴρηται
2806 5294 3068 5363 ἀνωτέρω
3096 5292 3217 5355 πῶς
3248 5293 3281 5361 ἢ
3316 5293 3617 5355 ἐπίσκοπος
3647 5290 3760 5345 ὑπὸ

488 5411 648 5465 quem
682 5393 970 5463 episc0pus
1000 5392 1333 5460 deposuerit,
1361 5405 1468 5459 quo
1502 5397 1660 5459 pacto
1686 5388 1751 5441 de
1797 5395 2012 5442 sentent

2185 5387 2409 5441 συνόδου
2462 5384 2834 5455 καθαιρεθεὶς,
2887 5382 2919 5452 ἢ
2977 5380 3239 5451 κληρικὸς
3301 5380 3409 5433 ὑπὸ
3456 5378 3551 5432 τοῦ
3617 5377 3760 5431 ἰδίου

488 5503 600 5541 suae
642 5483 1031 5547 damnationis,
1062 5484 1107 5537 si
1146 5482 1397 5552 injustam
1441 5493 1561 5535 esse
1599 5485 1828 5542 asserat,
1857 5491 2012 5532 exam

2177 5478 2505 5542 ἐπισκόπου,
2530 5476 2755 5530 δύναται
2783 5474 2972 5543 ζητεῖν
3006 5470 3418 5542 δοκιμασθῆναι
3444 5470 3547 5533 τὴν
3569 5468 3759 5538 ψῆφον

494 5578 671 5631 nanda
720 5589 881 5645 agere
933 5574 1112 5641 liceat,
1140 5574 1256 5643 jam
1303 5582 1464 5627 antea
1501 5571 1932 5640 explicavimus:
1970 5569 2012 5623 lu

2179 5569 2281 5634 τὴν
2334 5569 2457 5621 κατ’
2486 5567 2708 5630 αὐτοὺς,
2745 5566 2794 5618 εί
2836 5564 2985 5617 δοκεῖ
3033 5561 3377 5616 ἀδικεῖσθαι·
3433 5557 3671 5613 ἐνταῦθα
3704 5557 3767 5610 δὲ

496 5687 627 5726 vero
669 5672 785 5725 loco
812 5685 928 5734 eos,
961 5669 1052 5740 qui
1112 5666 1451 5736 depositione
1483 5663 1693 5717 multati
1737 5670 1867 5717 sunt
1897 5662 2012 5733 imp

2180 5654 2519 5725 ἀπαγορεύει
2558 5657 2670 5718 τοῖς
2713 5652 3172 5725 καθαιρουμένοις
3201 5653 3229 5704 ὁ
3258 5648 3441 5704 κανὼν
3471 5645 3769 5717 προσιέναι

508 5774 745 5819 rzt'm‘em
801 5762 972 5827 adire,
1036 5761 1192 5829 eique
1251 5760 1507 5816 molestos
1552 5771 1691 5825 csse,
1754 5769 1817 5812 ac
1849 5757 1914 5812 ad
1949 5770 2012 5812 eu

2185 5748 2418 5819 βασιλεῖ,
2472 5749 2567 5802 καὶ
2607 5746 2848 5818 ἐνοχλεῖν
2901 5745 3072 5817 αὐτῷ,
3124 5745 3221 5799 καὶ
3258 5742 3443 5816 ζητεῖν
3485 5741 3586 5811 τὴν
3638 5741 3785 5823 κατ’Δ
