4052 6412
328 406 465 473 l3i3

1348 398 1425 458 IN
1458 396 1625 457 CAN.
1671 396 1820 457 XIII
1858 386 2071 461 CONC.
2107 396 2172 459 II
2198 394 2560 459 ANTIOCH.

3466 389 3605 455 1314

324 521 491 578 αὐτοῦ
521 520 878 592 ἐξετασθῆναι
907 517 1205 587 ἀπόφασιν,
1260 516 1359 570 καὶ
1387 514 1465 585 τῷ
1512 514 1677 567 τοῦτο
1729 515 1893 586 ποιή-
1933 569 1934 575 η

2050 515 2384 571 amnationis
2413 529 2524 569 suae
2551 510 2919 582 cognitionem
2944 509 3181 573 deferre,
3217 524 3395 565 canon
3417 519 3598 576 vetat;

327 633 479 671 σαντι
514 616 651 687 μήτε
676 613 862 685 χώραν
890 613 1188 680 ἀπολογίας
1219 608 1466 664 δίδοσθαι
1493 607 1732 673 κελεύει,
1760 610 1905 678 μήτε

324 709 590 774 ἑλπίζειν,
621 708 698 771 ὡς
743 705 1281 775 ἀποκαταστήσεται.

328 800 556 857 ΑΡιΣΤ.
620 818 639 851 ι
693 800 753 853 '0
784 797 1189 870 καθῃρημένος,
1243 796 1292 849 εἰ
1346 792 1589 864 ὲνοχλοίη
1619 789 1700 864 τῷ
1760 789 1913 863 βασι-

400 913 421 946 (
466 892 571 957 λεῖ,
596 890 819 945 αἰτείτω
878 890 1098 943 σύνοδον
1159 888 1411 959 μείζονα,
1461 886 1557 939 καὶ
1607 888 1668 938 τὸ
1699 886 1912 943 ἐκεῖθεν

402 1002 422 1036 ι
461 982 620 1047 δόξαν
649 979 927 1052 στεργέτω
953 995 967 1010 ο
1019 979 1069 1031 ει
1103 978 1161 1030 δὲ
1215 979 1311 1029 καὶ
1371 974 1531 1037 αὖθις
1591 973 1911 1029 ἀποδυσπε-

404 1093 425 1128 ι
465 1073 609 1143 τοίη,
641 1074 716 1142 μὴ
745 1073 919 1143 ἐχέτω
948 1069 1419 1125 ἀποκατάστασιν.
1460 1085 1479 1119 ι

398 1163 504 1218 Τὸν
529 1162 930 1235 καθαιρεθέντα
960 1160 1067 1213 ὑπὸ
1098 1158 1347 1220 συνόδου,
1381 1157 1479 1211 καὶ
1507 1156 1755 1226 οἰόμενον
1790 1154 1914 1209 ἀδι-

327 1256 567 1323 κεῖσθαι,
602 1259 631 1310 ό
662 1254 845 1311 κανὼν
881 1255 943 1308 οὐ
975 1253 1176 1307 κωλύει
1210 1251 1439 1322 μείζονα
1467 1248 1687 1302 σύνοδον
1721 1251 1918 1300 ἐπικα-

326 1349 563 1415 λεῖσθαι,
596 1349 695 1402 καὶ
723 1348 857 1418 παρ’
888 1348 1026 1418 αὐτῇ
1059 1345 1364 1415 γυμνάζειν
1391 1343 1427 1397 δι
1459 1341 1672 1413 νομίζει
1722 1340 1917 1393 δίκαια

328 1444 498 1516 ἔχειν,
531 1444 612 1507 εἰς
647 1442 966 1512 ἀνατροπὴν
994 1440 1093 1510 τῆς
1127 1440 1246 1493 κατ’
1290 1436 1457 1493 αὑτοῦ
1527 1420 1914 1505 ἐξενεχθείσης

326 1536 537 1608 ψήφου;
580 1535 743 1589 Ἀλλὰ
779 1534 981 1605 μᾶλλον
1023 1532 1121 1587 atati.
1188 1530 1478 1600 ἐπιτρέπει
1536 1527 1687 1596 αὐτῷ
1746 1528 1918 1580 ποιεῖν

326 1630 483 1683 αὐτό.
549 1627 653 1682 Τὸν
694 1628 750 1681 δὲ
806 1626 883 1696 μὴ
915 1624 1140 1678 θέλοντα
1198 1621 1522 1692 προσελθεῖν
1559 1619 1785 1689 συνόδῳ,
1819 1616 1916 1670 καὶ⁵

329 1723 461 1793 παρ’
496 1722 637 1793 αὐτῇ
673 1721 742 1775 τὰ
766 1721 946 1773 οἰκεῖα
978 1715 1261 1788 προθεῖναι
1287 1713 1497 1776 δίκαια,
1525 1711 1665 1765 ἀλλὰ
1693 1714 1791 1772 τὰς
1825 1709 1920 1778 βα-

331 1817 545 1879 σιλικὰς
576 1817 747 1876 ἀκοὰς
798 1796 1157 1883 παρενοχλεῖν
1189 1807 1538 1879 πειρώμενον
1582 1805 1662 1867 είς
1694 1802 1917 1872 ἐκδίκη-

331 1927 439 1975 σιν,
464 1907 799 1978 συγγνώμης
855 1905 1000 1967 τινὸς
1033 1904 1135 1955 οὐκ
1184 1900 1347 1967 ἀξιοῖ,
1377 1897 1499 1951 οὐδὲ
1548 1896 1737 1967 χώραν
1781 1895 1919 1949 ἀπο-

329 2003 524 2072 λογίας
554 2000 709 2065 αύτῷ
743 1999 952 2062 δίδωσι,
982 1995 1080 2051 καὶ
1108 1992 1303 2047 ἐλπίδα
1336 1990 1648 2062 προσδοκᾷν
1682 1985 1915 2060 μελλού-

331 2110 432 2164 σης
463 2088 987 2156 ἀποκαταστάσεως.

928 2180 1170 2234 ΚΑΝΩΝ
1215 2177 1315 2233 II".

337 2299 358 2335 ι
396 2278 622 2351 Μηδένα
659 2276 964 2332 ἐπίσκοπον
1014 2273 1222 2344 τολμᾷν
1276 2270 1373 2339 ἀφ’
1411 2269 1610 2339 ἐτέρας
1645 2266 1919 2337 ἐπαρχίας

408 2393 429 2427 ι
471 2375 555 2437 είς
583 2370 779 2443 ἑτέραν
809 2366 1185 2439 μεταϐαίνειν,
1223 2365 1316 2418 καὶ
1360 2363 1693 2433 χειροτονεῖν
1723 2362 1781 2413 ὲν
1824 2360 1918 2411 ὲκ-

406 2483 426 2518 t
472 2466 729 2535 κλησίαις
800 2460 953 2524 τινὰς
1013 2460 1095 2522 εἰς
1145 2456 1487 2529 προαγωγὴν
1544 2450 1915 2519 λειτουργίας,

408 2576 429 2612 ι
480 2558 613 2629 μηδὲ
644 2558 693 2611 εί
723 2554 1086 2623 συνεπάγοιτο
1113 2549 1293 2620 ἑαυτῷ
1331 2548 1574 2619 ἐτέρους,
1607 2547 1653 2599 el
1706 2544 1781 2613 μὴ
1815 2558 1920 2595 πα·-

410 2671 429 2705 ι
477 2650 771 2723 ρακληθεὶς
804 2647 1060 2717 ἀφίκοιτο
1085 2644 1175 2698 διὰ
1202 2640 1550 2714 γραμμάτων
1574 2637 1672 2691 τοῦ
1705 2655 1765 2689 τε
1818 2651 1923 2704 μη-

403 2763 424 2797 ι
471 2743 795 2815 τροπολίτου
845 2739 944 2793 καὶ
988 2738 1099 2791 τῶν
1134 2737 1231 2790 σὺν
1271 2733 1420 2804 αὐτῷ
1469 2729 1812 2795 ἐπισκόπων,
1844 2720 1922 2781 ὧν

412 2855 434 2889 ι
476 2837 555 2898 είς
596 2836 700 2904 τὴν
730 2835 920 2903 χώραν
952 2829 1315 2899 παρέρχεται.
1351 2826 1415 2876 El.
1455 2822 1513 2875 δὲ
1549 2820 1779 2891 μηδενὸς
1824 2835 1926 2871 κα-

415 2945 437 2981 ι
477 2926 698 2988 λοῦντος
725 2922 954 2977 ἀπέλθοι
982 2920 1236 2980 ἀτάκτως
1268 2916 1363 2969 ἐπὶ
1388 2912 1705 2983 χειροθεσίᾳ
1731 2910 1922 2973 τινῶν,

416 3037 437 3072 ι
482 3020 580 3072 καὶ
613 3014 955 3069 καταστάσει
980 3012 1088 3063 τῶν
1129 3003 1614 3076 ὲκκλησιαστικῶν
1660 3001 1924 3072 πραγμά-

415 3126 437 3161 ι
477 3123 588 3161 των
618 3104 695 3174 μὴ
743 3099 1137 3173 προσηκόντων
1173 3096 1346 3165 αὐτῷ,
1393 3091 1709 3163 ἄκυραμὲν
1736 3090 1807 3143 τά
1830 3088 1923 3140 ὑπ’

412 3218 437 3257 ο
479 3196 647 3253 αὐτοῦ
705 3191 1085 3265 πεπραγμένα
1133 3187 1464 3258 τυγχάνεινο
1520 3187 1615 3238 καὶ
1650 3180 1816 3237 αὑτὸν
1865 3179 1923 3232 δὶ

418 3311 439 3346 ι
482 3293 705 3360 ὑπέχειν
737 3286 837 3356 τῆς
863 3283 1093 3348 ἀταξίας
1125 3280 1293 3335 αὐτοῦ
1328 3279 1425 3333 καὶ
1474 3275 1573 3348 τῆς
1608 3272 1924 3344 παραλόγου

427 3406 448 3439 ι
495 3383 897 3456 ἐπιχειρήσεως
928 3382 1027 3449 τὴν
1054 3376 1441 3448 προσήκουσαν
1469 3371 1646 3440 δίκην,
1678 3366 1932 3437 καθῃρη-

420 3498 441 3533 ι
487 3482 647 3550 μένον
700 3473 951 3530 ἐντεῦθεν
996 3471 1100 3542 ήδη
1133 3468 1240 3522 ὑπὸ
1286 3466 1382 3536 τῆς
1431 3464 1593 3533 ἁγίας
1628 3459 1873 3514 συνόςὶου.
1904 3473 1923 3507 ι

417 3570 774 3639 ΒΔΛΣ.Περ“ι
794 3567 905 3621 τῶν
930 3567 986 3619 ὲν
1012 3562 1092 3634 τῷ
1123 3562 1352 3631 παρόντι
1385 3558 1572 3610 κανόνι
1615 3550 1936 3621 διειλημμιρ-

343 3683 452 3722 νων
482 3664 684 3724 ἱκανῶς
715 3659 1041 3728 διελάόομεν
1066 3657 1123 3708 ὲν
1155 3651 1234 3722 τῷ
1261 3648 1335 3703 λε’
1361 3645 1711 3712 ἀποστολικῷ
1741 3641 1934 3695 κανόνι

346 3762 447 3816 καὶ
475 3762 535 3812 έν
566 3758 797 3825 ἑτέροις.
836 3752 947 3805 Καὶ
978 3744 1260 3816 ἀνάγνωθι
1308 3744 1380 3795 τὰ
1427 3742 1486 3793 ἐν
1530 3737 1765 3797 ἐκείνοις
1798 3749 1937 3802 γρα-

349 3852 542 3924 φέντα.
574 3821 738 3919 Ζήτει
769 3846 864 3898 καὶ
906 3843 1009 3910 τῆς
1056 3836 1348 3908 παρούσης
1406 3828 1633 3885 συνόδου
1667 3843 1792 3879 καν.
1827 3821 1935 3893 κβ¹.

419 3915 668 3998 ΖΩΝΑΡἾ.
700 3936 1024 3991 Σκανδάλων
1069 3934 1167 3986 καὶ
1194 3924 1451 3997 ταραχῶν
1479 3922 1657 3976 αἰτιον
1683 3917 1747 3970 τὸ
1781 3915 1939 3970 ἀπιέ-

346 4054 438 4093 ναι
470 4035 775 4089 ἐπίσκοπον
804 4030 885 4092 εις
919 4025 1192 4096 ἐπαρχίαν
1223 4022 1443 4090 ἑτέραν,
1470 4016 1565 4069 καὶ
1595 4010 1941 4084 χειροτονίας

349 4130 530 4184 ποιεῖν
577 4126 706 4181 ἄνευ
755 4121 985 4191 γνώμης
1036 4116 1132 4171 τοῦ
1165 4111 1476 4167 ἐπισκόπου
1529 4107 1632 4176 τῆς
1666 4101 1941 4174 ὶπαρχίας

352 4220 589 4291 ἐκείνης.
627 4216 718 4269 Διὸ
759 4215 857 4268 καὶ
906 4209 1111 4265 κωλύει
1156 4206 1318 4261 τοῦτο
1366 4203 1396 4255 ὁ
1438 4195 1647 4263 κανὼν,
1700 4196 1798 4250 καὶ
1850 4196 1941 4247 τὸν

351 4312 514 4366 τοῦτο
555 4309 864 4380 ποιήσαντα
894 4298 1217 4371 καθαιρέσει
1245 4291 1620 4355 καταδικάζει.
1650 4286 1838 4340 Ταῦτα
1879 4284 1939 4338 δὲ

356 4374 743 4457 κικανόνισται
804 4398 903 4451 καὶ
935 4398 1050 4457 τοῖς
1083 4391 1264 4461 ἁγίοις
1303 4384 1626 4446 ἀποστόλοις
1653 4381 1711 4434 ὲν
1746 4374 1819 4431 λε’
1845 4393 1946 4430 κα-

354 4498 471 4550 νόνι
493 4511 508 4527 ο
545 4493 617 4547 τὰ
647 4490 790 4546 αὐτά
820 4489 879 4543 δὲ
907 4486 1082 4560 ὁρίζει
1118 4485 1217 4540 καὶ
1246 4482 1277 4536 ὁ
1311 4475 1397 4551 κβ¹
1429 4473 1613 4532 κανὼν
1668 4472 1769 4543 τῆς
1814 4486 1940 4525 συν-

352 4589 479 4642 όδου
500 4589 730 4656 ταύτης.

355 4684 582 4739 ΑΡΙΣΤ.
644 4700 664 4733 ι
728 4681 792 4734 EI
870 4675 1098 4749 μηδενὸς
1152 4672 1437 4742 ἀξιοῦντος
1502 4669 1806 4733 ιπίσκοπος
1866 4667 1946 4730 εἰς

437 4797 456 4831 t
500 4777 670 4847 ἀλλην
724 4770 1000 4843 ἐπαρχίαν
1052 4768 1231 4835 ἀπίοι,
1285 4766 1382 4819 καὶ
1429 4761 1793 4834 χειροτονοίη,
1851 4759 1948 4813 καὶ

430 4892 451 4925 ι
496 4869 726 4938 διοικοίη
757 4867 1086 4938 πράγματα,
1113 4862 1258 4917 αὐτὰ
1289 4876 1351 4914 τε
1378 4857 1563 4928 ἄκυρα
1597 4852 1950 4927 μενέτω,κά-

434 4983 452 5018 ι
494 4966 674 5026 κεῖνος
703 4954 1099 5030 καθαιρείσθω.
1138 4972 1158 5006 ι

433 5053 670 5115 Πολλοὺς
720 5048 956 5110 κανόνας
1013 5044 1276 5115 εὑρήσεις
1303 5042 1465 5096 τοῦτο
1513 5039 1854 5104 κωλύοντας,
1886 5035 1949 5091 τὸ

367 5145 728 5223 μεταϐαίνειν
758 5141 1061 5197 ἐπίσκοπον
1087 5137 1197 5192 ἀπὸ
1227 5139 1328 5205 τῆς
1376 5134 1520 5198 ἰδίας
1560 5131 1837 5203 ἐπαρχίας
1869 5131 1951 5194 είς

364 5240 677 5311 ἀλλοτρίαν,
736 5236 833 5291 καὶ
882 5230 1219 5306 χειροτονεῖν
1270 5231 1329 5283 ὲν
1380 5229 1544 5300 αὐτῇ,
1591 5225 1851 5298 ἢετερόν
1897 5241 1952 5277 τι

365 5330 730 5389 ὲπισκοπικδν
757 5329 1040 5399 ὲνεργεῖνυ
1091 5326 1142 5378 εί
1192 5323 1268 5394 μή
1312 5339 1417 5376 που
1467 5320 1791 5392 προσκληθῇ
1839 5334 1948 5387 τις,

366 5431 473 5485 καὶ·
503 5426 714 5496 ἀξιωθῇ
744 5424 899 5492 παρά
922 5420 1016 5474 τοῦ
1044 5416 1188 5473 κατὰ
1219 5416 1406 5488 χώραν
1438 5413 1744 5469 ἐπισκόπου
1771 5410 1949 5464 τοιοῦ-

367 5523 462 5577 τόν
492 5534 547 5574 τι
576 5517 829 5585 ποιῆσαι.
862 5512 967 5565 Τὸν
996 5511 1041 5564 δ’
1088 5509 1305 5563 οἴκοθεν
1332 5509 1414 5570 εἰς
1445 5503 1725 5575 ἐπαρχίαν
1753 5504 1954 5574 ἑτέραν

370 5610 845 5686 παραγενόμενον,
890 5604 989 5658 καὶ
1030 5603 1064 5673 ἢ
1117 5599 1468 5674 χειροθεσίας
1517 5595 1868 5667 ποιούμενον,
1918 5593 1954 5665 ἢ

370 5704 739 5763 καταστάσεις
774 5694 1249 5767 ὲκκλησιαστικῶν
1276 5692 1644 5764 πραγμάτων,
1688 5690 1763 5761 μὴ
1791 5704 1961 5759 προσ-

369 5799 618 5871 ηκόντων
650 5790 823 5862 αὐτῷ,
875 5791 973 5843 σὺν
1017 5787 1097 5858 τῷ
1126 5787 1306 5858 ἄκυρα
1349 5785 1535 5856 μένειν
1562 5783 1630 5837 τὰ
1666 5783 1758 5836 ὑπ’
1788 5781 1957 5836 αὑτοῦ

348 5950 361 5965 η,
374 5890 748 5963 πραττόμενα,
780 5886 874 5941 καὶ
902 5877 1293 5951 καθαιρεῖσθαι
1326 5876 1749 5949 προστάττουσι.

2012 611 2217 679 quique
2260 607 2312 663 id
2347 606 2557 673 fecerit,
2586 621 2686 661 nec
2719 605 2897 660 audiri
2946 605 3177 674 amplius
3209 604 3263 659 in
3285 604 3519 673 judicio,
3548 614 3605 659 et

2012 705 2161 761 omni
2202 704 2257 757 in
2290 712 2569 772 posterum
2604 699 2969 757 restitutionis
3001 714 3097 768 spe
3120 713 3309 753 carere
3333 698 3505 766 jubet.

2018 795 2255 851 ARIST.
2305 814 2325 846 ι
2361 793 2666 863 Depositus,
2692 794 2735 849 si
2772 792 3087 862 imperatori
3121 792 3423 847 molestiam
3453 790 3611 846 exhi-

2103 909 2122 943 ι
2157 888 2358 955 buerit,
2384 889 2642 957 majorem
2670 895 2813 957 petat
2838 887 3123 957 synodum,
3147 887 3371 954 ejusque
3390 886 3609 940 decreto

2098 1001 2121 1036 ι
2163 984 2494 1052 acquiescat.
2530 981 2585 1037 Si
2613 997 2744 1036 vero
2777 995 2994 1034 rursum
3026 994 3167 1049 aegre
3195 978 3402 1044 tulerit,
3443 978 3603 1033 resti-

2099 1092 2123 1129 ι
2160 1076 2424 1130 tutiouem
2457 1090 2526 1128 ne
2554 1082 2900 1142 asscqnntur.
2939 1089 2957 1122 ι

2090 1167 2225 1221 Eum
2262 1167 2354 1236 qui
2406 1181 2433 1219 a
2494 1164 2702 1236 synodo
2750 1162 3061 1232 deponitur,
3125 1160 3337 1228 sibique
3398 1158 3612 1213 videtur

2021 1259 2223 1327 injuria
2261 1257 2509 1321 affectus,
2546 1272 2717 1308 canon
2771 1254 2858 1307 hic
2897 1252 3159 1321 majorem
3202 1266 3499 1319 provocare
3520 1263 3612 1317 sy-

2020 1350 2220 1405 nodum
2273 1363 2379 1401 non
2443 1344 2713 1417 prohibet,
2770 1351 2824 1397 et
2879 1343 3018 1411 apud
3055 1356 3173 1394 eam
3219 1338 3466 1407 proferre
3493 1353 3614 1407 qua:

2015 1443 2161 1513 justa
2198 1456 2316 1497 esse
2354 1440 2673 1501 arbitratur,
2711 1438 2774 1489 ad
2840 1433 3125 1489 sententiae
3167 1442 3356 1488 contra
3402 1447 3459 1485 se
3493 1432 3614 1484 lata:

2022 1535 2389 1589 eversionem.
2444 1531 2559 1585 Imo
2611 1529 2790 1599 potius
2834 1528 2883 1581 ei
2940 1528 3040 1580 hoc
3090 1527 3353 1597 permittit
3409 1524 3608 1578 facere.

2021 1626 2156 1682 Eum
2191 1634 2369 1680 autem
2400 1624 2493 1693 qui
2531 1638 2633 1677 nou
2690 1621 2808 1675 vult
2863 1620 3131 1689 synodum
3189 1618 3362 1677 adire,
3395 1624 3449 1670 et
3477 1616 3616 1685 apud

2021 1734 2141 1775 eam
2176 1717 2301 1787 jura
2356 1730 2454 1770 sua
2486 1727 2815 1784 proponere,
2857 1713 2950 1767 sed
3012 1710 3396 1779 imperatorias
3429 1709 3617 1763 obtur-

2022 1813 2155 1868 bare
2190 1810 2418 1865 auresin
2445 1807 2710 1862 ultionem
2744 1805 2984 1868 molitur,
3010 1804 3157 1857 nulla
3190 1803 3442 1873 dignatur
3464 1802 3618 1855 venia

2028 1918 2130 1959 nec
2172 1902 2437 1973 apologite
2468 1900 2646 1953 locum
2681 1898 2730 1952 ei
2786 1895 3062 1960 concedit,
3093 1910 3191 1950 nec
3231 1895 3426 1948 futurae
3456 1892 3618 1947 reSti-

2029 1997 2254 2053 tutionis
2274 2009 2427 2065 spem
2453 1999 2796 2064 exspectare.

2619 2175 2849 2232 CANON
2888 2172 3029 2229 XIII.

2034 2296 2053 2330 ι
2092 2274 2286 2331 Nullus
2335 2271 2625 2341 episcopus
2670 2271 2867 2323 audent
2923 2268 2992 2320 ab
3051 2278 3153 2317 una
3213 2259 3495 2331 provincia
3564 2259 3621 2311 in

2112 2388 2129 2420 ι
2165 2367 2324 2421 aliam
2368 2366 2625 2428 transire,
2659 2369 2713 2415 et
2748 2365 2814 2415 ad
2873 2357 3162 2412 ministerii
3220 2354 3619 2426 promotionem

2119 2479 2138 2512 ι
2181 2460 2391 2528 aliquos
2462 2455 2711 2511 ecclesiis
2760 2453 3041 2513 ordinare,
3088 2462 3189 2503 nec
3246 2448 3290 2503 si
3349 2446 3486 2501 alios
3518 2461 3621 2498 una

2111 2569 2129 2601 ι
2170 2565 2351 2604 secum
2400 2546 2640 2609 inducat,
2678 2543 2782 2597 nisi
2832 2542 3039 2601 venerit
3077 2538 3287 2592 litteris
3322 2535 3625 2589 accersitus

2108 2661 2125 2694 ι
2163 2639 2589 2710 metropolitani,
2623 2648 2679 2692 et
2707 2636 3086 2704 episcoporum
3121 2631 3211 2699 qui
3248 2638 3373 2682 sunt
3399 2643 3521 2681 cum
3552 2626 3630 2694 ip-

2105 2753 2124 2788 ι
2158 2749 2239 2799 so,
2262 2733 2317 2787 in
2351 2747 2579 2802 quorum
2606 2729 2879 2797 regionem
2912 2722 3146 2778 accedit.
3180 2721 3237 2775 Si
3270 2729 3450 2773 autem
3482 2716 3628 2771 nullo

2110 2846 2130 2880 ι
2169 2835 2425 2889 vocante,
2460 2824 2526 2878 ad
2557 2822 2861 2891 aliquorum
2921 2815 3317 2873 ordinationem
3371 2822 3422 2866 et
3456 2811 3631 2863 eccle-

2116 2936 2136 2971 ι
2175 2916 2522 2973 siasticarum
2556 2928 2734 2967 rerum
2765 2912 2831 2965 ad
2858 2926 2917 2965 se
2951 2924 3052 2962 non
3081 2907 3466 2976 pertinentium
3498 2918 3631 2957 con-

2109 3028 2128 3062 ι
2164 3008 2530 3071 stitutiouem,
2573 3003 2882 3058 inordinate
2911 3002 3317 3066 insolenterque
3351 3009 3632 3064 processe-

2116 3116 2137 3153 ι
2175 3099 2266 3161 rit,
2308 3097 2418 3152 sint
2479 3096 2693 3166 quidem
2733 3094 2890 3147 irrita
2923 3106 3043 3160 qua:
3073 3090 3139 3143 ab
3178 3090 3293 3155 ipso
3320 3094 3624 3156 geruntur:

2119 3210 2137 3243 ι
2181 3191 2296 3260 ipse
2326 3198 2508 3242 autem
2536 3202 2647 3242 sua:
2693 3185 2996 3239 insolentiae
3040 3190 3095 3236 et
3126 3192 3321 3250 praeter
3362 3178 3623 3232 rationem

2119 3302 2137 3336 t
2174 3283 2334 3337 factae
2364 3279 2736 3352 aggressionis
2768 3277 2980 3331 debitas
3006 3275 3096 3328 det
3127 3288 3342 3344 poenas,
3382 3286 3412 3324 a
3441 3279 3628 3325 sancta

2109 3394 2129 3428 ι
2169 3376 2380 3431 scilicet
2400 3372 2606 3445 synodo
2632 3371 2832 3426 exinde
2858 3369 3161 3440 depositus.
3195 3385 3213 3417 ι

2107 3553 2311 3610 BALS.
2354 3552 2429 3606 De
2480 3550 2568 3615 iis,
2605 3564 2725 3617 quae
2776 3546 2829 3600 in
2875 3543 3132 3611 praesenti
3162 3551 3369 3594 canone
3396 3542 3629 3590 tractata

2037 3657 2185 3710 sunt.
2218 3649 2270 3700 in
2318 3656 2526 3699 canone
2572 3637 2871 3710 apostolico
2929 3634 3000 3689 '55
3047 3633 3184 3687 satis
3248 3629 3624 3688 tractavimus.

2036 3750 2095 3796 et
2114 3738 2262 3792 alibi.
2301 3736 2369 3790 Et
2415 3734 2532 3803 lege
2576 3747 2665 3795 ea,
2712 3743 2832 3799 qua
2865 3726 2973 3781 illic
3005 3724 3212 3792 scripta
3242 3730 3387 3775 sunt.
3429 3719 3626 3785 Quaere

2037 3841 2093 3887 et
2141 3827 2425 3899 praesentis
2450 3824 2640 3896 synodi
2671 3833 2934 3877 canonem
2970 3817 3065 3871 22.

2106 3920 2361 3979 ZONAR.
2398 3918 2455 3974 Si
2515 3918 2640 3987 quis
2673 3915 2967 3985 episcopus
3021 3907 3245 3965 alterius
3289 3905 3621 3978 provinciam

2040 4015 2398 4088 ingrediatur,
2432 4011 2620 4080 ibique
2647 4024 2714 4064 eo
2749 4005 3058 4062 inconsulto
3107 4003 3328 4058 ordines
3359 4000 3625 4062 conferat,

2041 4107 2370 4164 offensiones
2406 4118 2472 4158 ac
2528 4100 2797 4158 tumultus
2825 4114 2892 4153 ex
2926 4114 2987 4153 ea
3027 4110 3086 4152 re
3136 4103 3405 4149 exsrstere
3466 4090 3629 4145 facile

2040 4211 2145 4258 est.
2179 4199 2494 4267 Quaregum
2529 4195 2578 4249 id
2604 4193 2719 4247 ﬁeri
2743 4207 2917 4247 canon
2950 4195 3117 4252 vetat,
3155 4198 3266 4241 tum
3296 4184 3385 4253 qui
3412 4181 3626 4244 fecerit,

2043 4293 2386 4365 depositione
2420 4291 2736 4343 damnatum
2773 4299 2900 4340 esse
2928 4282 3196 4337 decernit.
3242 4278 3442 4333 Eadem
3476 4289 3629 4337 vero,

2044 4395 2101 4442 et
2158 4384 2530 4456 apostolon
2576 4380 2858 4434 tricesimo
2882 4375 3073 4447 quinto
3124 4381 3176 4428 et
3225 4372 3384 4440 hujus
3417 4382 3633 4439 quoque

2047 4477 2240 4550 synodi
2273 4474 2537 4531 vicesimo
2573 4475 2812 4528 secundo
2852 4482 3080 4535 canone,
3114 4465 3414 4522 constituta
3450 4472 3598 4517 sunt.

2049 4655 2280 4716 ARIST.
2317 4675 2337 4709 ι
2367 4654 2448 4722 Si,
2496 4652 2714 4708 nemine
2762 4658 3008 4720 rogante,
3064 4645 3349 4715 episcopus
3384 4642 3438 4696 in
3473 4639 3632 4694 aliam

2126 4772 2148 4807 ‹
2184 4767 2244 4807 se
2271 4748 2567 4804 contulerit
2588 4745 2945 4816 provinciam,
2968 4750 3023 4796 et
3052 4735 3404 4799 ordinaverit,
3436 4747 3635 4800 resque

2124 4864 2142 4896 ι
2176 4842 2669 4902 administraverit,
2702 4847 2755 4891 et
2803 4835 2974 4889 irrita:
3006 4836 3283 4893 maneant,
3316 4836 3373 4883 et
3415 4826 3518 4881 iste
3545 4827 3639 4879 de-

2121 4955 2140 4989 t
2173 4944 2371 5007 pouatu
2381 4949 2424 4987 r.
2464 4949 2481 4983 ι

2124 5029 2321 5086 Multos
2355 5038 2595 5081 canones
2630 5019 2871 5075 invenies
2927 5017 3030 5070 hoc
3071 5014 3441 5085 prohibentes,
3469 5012 3636 5064 nimi-

2052 5141 2173 5182 rum
2202 5122 2520 5193 episcopum
2554 5133 2583 5172 e
2630 5129 2725 5169 sua
2755 5111 3033 5181 pr0\IllL'Ia
3067 5109 3132 5161 ad
3163 5106 3396 5160 alienam
3440 5105 3639 5157 transi-

2052 5218 2175 5283 Iire,
2206 5225 2262 5271 et
2302 5214 2360 5268 in
2401 5227 2467 5267 ea
2503 5208 2784 5271 ordinare,
2826 5214 2920 5260 aut
2972 5202 3120 5257 aliud
3173 5200 3394 5270 aliquod
3441 5214 3639 5253 munus

2056 5309 2364 5383 episcopale
2401 5307 2574 5363 obire.
2612 5302 2728 5359 Nisi
2769 5299 2998 5356 forsitan
3029 5292 3253 5351 vocetur
3295 5293 3492 5383 ali-quis
3521 5302 3576 5345 et
3609 5307 3637 5344 a

2057 5368 2297 5475 regionis
2331 5400 2588 5470 episcopo
2619 5397 2813 5465 dignus
2852 5392 3139 5451 habeatur,
3169 5388 3261 5457 qui
3298 5368 3405 5440 tale
3435 5383 3639 5454 aliquid

2058 5499 2244 5552 faciat.
2268 5494 2339 5549 At
2359 5493 2450 5564 qui
2470 5505 2567 5547 sua
2590 5498 2782 5559 sponte
2808 5487 2860 5542 in
2876 5484 3099 5541 alteram
3121 5480 3288 5554 m
3308 5476 3641 5550 provinciam

2059 5588 2442 5663 proficiscitur,
2475 5595 2530 5638 et
2563 5583 2645 5638 vel
2680 5593 2935 5637 manuum
2966 5577 3342 5646 impositiones
3368 5570 3521 5633 facit,
3559 5566 3645 5619 vel

2060 5681 2399 5753 negotiorum
2426 5673 2918 5737 ecclesiasticarum
2938 5669 3356 5727 constitutiones
3379 5668 3445 5720 ad
3463 5666 3640 5735 ipsum

2062 5790 2168 5831 non
2201 5769 2611 5843 pertinentium,
2644 5776 2697 5822 et
2725 5766 2881 5819 irrita
2911 5778 3133 5818 manere
3165 5777 3282 5832 quae
3336 5760 3403 5816 ab
3430 5760 3531 5816 isto
3562 5756 3649 5811 fa-

2064 5876 2151 5924 cta
2179 5872 2326 5934 sum,
2361 5872 2414 5918 et
2442 5861 2615 5933 ipsum
2648 5856 2842 5949 deponi
2871 5855 3084 5927 jubent.
