4052 6438
1682 416 1964 478 ΤΠΕΟΙ).
2004 417 2042 476 Il

2154 413 2410 475 SAMON
3563 401 3715 466 ιειδ

1022 535 1252 592 canon
1279 534 1421 590 xw.
2048 540 2094 598 Α

448 652 465 683 ι
500 632 709 699 Siquis
769 629 1051 700 cpiscopus
1100 630 1170 684 ob
1202 629 1385 697 aliqua
1436 627 1668 682 crimina
1721 626 2014 697 iudicetur,

436 423 573 486 l3.5

2720 522 2955 580 ΚΑΝΩΝ
3014 522 3077 580 ΙΔ
3099 563 3115 580 .

2126 644 2145 678 ι
2194 626 2260 679 Et
2284 642 2368 689 τις
2395 624 2697 686 ἐπίσκοπος
2731 621 2825 673 ἐπί
2871 636 3015 673 τισιν
3061 617 3379 687 ἐγκλήμασι.
3431 616 3711 688 κρίνοιτο,

509 742 527 774 ι
569 725 761 777 deinde
822 722 1103 790 contingat
1150 720 1437 789 episcopos
1487 719 1779 790 provinciae
1825 718 1894 772 de
1953 730 2019 771 eo

505 836 523 868 ι
556 817 879 883 dissentire;
915 816 1022 869 illis
1050 815 1267 884 quidem
1295 830 1441 876 eum,
1474 816 1537 867 de
1558 827 1664 880 quo
1699 809 1871 864 fertur
1899 824 2021 863 sen-

510 927 529 959 ι
570 909 757 973 tentia,
801 908 1147 961 innocentem
1191 906 1704 974 pronuntiantibus;
1755 904 1839 957 his
1868 916 2016 963 vero,

520 1020 537 1051 ι
578 1016 728 1054 tcum
763 1016 775 1051 :
811 1016 907 1067 pro
960 1010 1070 1053 tota
1108 998 1481 1072 componenda
1515 997 1908 1057 controversia,
1943 992 2020 1046 vi-

525 1114 542 1144 ι
580 1110 696 1146 sum
737 1103 819 1147 cst
889 1103 1093 1146 sancta:
1157 1094 1383 1161 synodo,
1444 1100 1501 1143 ut
1582 1088 2021 1157 metropolitanus

522 1206 541 1234 ι
581 1185 869 1253 cpiscopus
898 1200 963 1238 cx
1009 1183 1308 1253 propinqua
1348 1184 1628 1253 provincia
1666 1181 1803 1233 alios
1834 1189 2022 1235 evocet

531 1296 548 1325 ι
584 1277 816 1340 jndices,
845 1276 933 1343 qui
968 1275 1407 1329 controversiam
1447 1273 1724 1338 dirimant,
1754 1287 2021 1341 cumpro-

532 1384 549 1416 ι
592 1365 931 1426 rincialibus,
975 1366 1120 1435 quod
1152 1366 1440 1436 probatum
1480 1362 1663 1427 fuerit,
1698 1362 2023 1418 conﬁrmau-

529 1476 545 1506 ι
590 1458 675 1511 ιιι).
713 1475 731 1507 ›

525 1549 723 1603 BALS.
770 1549 1116 1618 Episcopum,
1148 1548 1237 1616 qui
1276 1547 1340 1602 ab
1370 1545 1642 1615 episcopis
1674 1543 2024 1616 provinciali-

454 1641 559 1696 bus
599 1642 895 1711 iudicatur,
934 1650 988 1695 el
1020 1642 1089 1693 ab
1135 1639 1405 1708 aliquibus
1435 1640 1654 1710 quidem
1701 1637 2022 1703 absolvitur;

2198 739 2217 772 ι
2266 719 2461 772 ἔπειτα
2494 717 2732 787 συμϐαίη
2766 714 2918 784 παρὰ
2958 711 3125 766 αὐτοῦ
3154 712 3451 780 διαφωνεῖν
3488 710 3613 774 τοὺς
3644 713 3717 762 ὲν

2198 830 2216 863 ι
2259 814 2326 883 τῇ
2377 810 2621 880 ἐπαρχίᾳ
2675 809 3031 869 ἐπισκόπους,
3084 806 3195 859 τῶν
3248 807 3348 873 μὲν
3398 803 3576 857 ἀθῶον
3604 802 3715 857 τὸν

2202 923 2220 956 ι
2260 904 2581 975 κρινόμενον
2606 901 3050 971 ἀποφαινόντων,
3080 898 3187 952 τῶν
3215 898 3273 952 δὲ
3303 898 3489 968 ἔνοχον
3513 913 3529 933 ο
3559 897 3717 966 ὑπὲρ

2202 1015 2221 1048 ι
2268 995 2594 1063 ἀπαλλαγῆς
2660 994 2845 1064 πάσης
2919 991 3394 1062 ἀμφισϐητήσεως
3438 988 3583 1053 ἔδοξε
3630 992 3712 1059 τῇ

2201 1107 2219 1140 ι
2270 1088 2401 1159 ἁγίᾳ
2434 1087 2640 1156 συνόδῳ
2688 1086 2780 1139 τὸν
2828 1086 2928 1153 τῆς
2983 1083 3371 1154 μητροπόλεως
3401 1083 3718 1134 ἐπίσκοπον

2201 1200 2220 1235 ι
2264 1182 2373 1235 ἀπὸ
2396 1182 2496 1249 τῆς
2528 1178 2916 1250 πλησιοχώρου
2948 1176 3221 1245 ἐπαρχίας
3268 1174 3713 1243 μετακαλεϊσθαι

2202 1290 2221 1323 ι
2270 1272 2494 1342 ἐτέρους
2522 1271 2677 1334 τινὰς
2720 1271 2846 1332 τοὺς
2876 1269 3322 1339 ἑπικρινοῦντας,
3356 1269 3449 1319 καί
3476 1266 3579 1336 τὴν
3600 1266 3724 1334 ἀμ-

2202 1383 2220 1417 t
2269 1363 2602 1434 φισϐήτησιν
2655 1361 3043 1425 διαλύσαντας,
3089 1361 3186 1415 τοῦ
3238 1361 3539 1431 βεϐαιῶσαι
3606 1361 3723 1412 σὺν

2203 1475 2223 1509 ι
2267 1460 2380 1520 τοῖς
2403 1457 2502 1525 τῆς
2532 1455 2803 1525 ἐπαρχίας
2834 1454 2895 1507 τὸ
2923 1454 3356 1524 παριστάμενον.
3396 1471 3414 1505 ι

2197 1549 2393 1603 ΒᾹΛΣ.
2420 1549 2525 1602 Τὸν
2555 1549 2661 1601 ὑπὸ
2688 1546 3049 1617 ὲπαρχιωτῶν
3076 1547 3398 1599 ἐπισκόπων
3441 1538 3718 1615 κρὶνόμε-

2108 1630 2218 1696 ’νον
2263 1643 2587 1706 ἐπίσκοπον,
2633 1642 2729 1693 καὶ
2760 1641 2913 1709 παρά
2964 1657 3129 1695 τινων
3182 1640 3283 1709 μὲν
3336 1640 3717 1709 ἀθωούμενον,

449 1736 516 1787 ab
544 1734 664 1787 aliis
698 1748 824 1787 vero
873 1732 1287 1796 condemnatur,
1342 1745 1447 1784 non
1494 1730 1629 1785 alias
1676 1726 2023 1784 condemnari

2151 1735 2280 1806 ιαρά
2308 1752 2472 1788 τινων
2497 1736 2555 1789 δὲ
2602 1734 3132 1803 καταδικαζόμενον,
3181 1734 3256 1804 μὴ
3307 1733 3486 1797 ἄλλως
3532 1751 3716 1786 κατα-

452 1824 537 1877 vel
566 1824 770 1877 absolvi
804 1823 997 1877 statuit
1027 1822 1290 1893 synodus,
1338 1820 1440 1874 nisi
1495 1820 1682 1891 synodi
1718 1817 2027 1888 metropoli-

2130 1827 2472 1897 κρίνεσθαιῆ
2509 1824 2855 1880 δικαιοῦσθαι
2901 1825 3104 1896 ὥρισεν
3148 1827 3181 1891 ἡ
3234 1825 3478 1889 σύνοδος,
3533 1827 3583 1878 εί
3636 1828 3719 1897 μὴ

454 1927 614 1969 ianus
672 1916 1007 1984 propinquos
1061 1913 1345 1982 episcopos
1399 1911 1775 1978 accersiverit,
1835 1912 1926 1980 qui
1974 1909 2027 1966 id

2151 1916 2582 1985 ιετακαλέσηται
2616 1919 2644 1971 ὁ
2676 1916 2776 1985 τῆς
2833 1918 3055 1971 συνόδου
3108 1917 3519 1987 μητρυπολίτης
3570 1919 3718 1986 πλη-

456 2006 597 2070 quod
636 2005 896 2071 quazritur
930 2003 1199 2072 judicare,
1247 2012 1301 2055 et
1345 2002 1672 2057 sententiam
1708 1999 2031 2055 conﬁrmare

2151 2009 2428 2079 ιιοχώρους
2464 2008 2820 2074 ἐπισκόπους,
2854 2009 3138 2079 ἐπικρῖναι
3166 2008 3487 2078 ὀφείλοντας
3520 2008 3584 2062 τὺ
3613 2009 3720 2077 ζη-

455 2097 675 2150 dcbcnt.
717 2094 793 2149 Ne
846 2096 994 2149 dicas
1034 2108 1164 2165 ergo
1209 2108 1477 2148 canonem
1545 2092 1629 2155 12,
1676 2092 1799 2146 huic
1833 2093 2028 2146 canuni

2151 2102 2416 2171 τούμενον,
2449 2100 2543 2153 καὶ
2577 2100 2873 2171 βεϐαιῶσαι
2904 2100 3004 2170 τὴν
3031 2100 3235 2171 ψῆφον.
3269 2101 3361 2169 Μὴ
3393 2102 3557 2172 εἴπῃς
3581 2100 3719 2169 γοῦν

455 2185 756 2248 adversari,
811 2186 1117 2239 dicentem:
1170 2185 1385 2239 dubiam
1421 2184 1748 2239 sententiam
1780 2197 1809 2235 a
1843 2182 2032 2252 majori

2151 2192 2504 2245 ιναντιοῦσθαι
2538 2192 2615 2262 τῷ
2650 2192 2835 2245 κανόνι
2881 2192 3058 2263 τούτῳ
3105 2193 3197 2245 τὸν
3233 2192 3302 2263 ιβ’
3336 2193 3565 2258 κανόνα,
3625 2192 3719 2245 τὸν

454 2278 662 2349 synodo
705 2292 889 2331 rursus
934 2276 1193 2345 judicari,
1245 2286 1300 2332 et
1356 2292 1462 2331 non
1507 2279 1576 2332 ab
1619 2290 1708 2341 eo,
1735 2276 1825 2344 qui
1857 2275 2033 2344 primo

2151 2282 2367 2351 ιέγοντα
2417 2286 2519 2355 τὴν
2548 2284 2851 2354 ἀμφίϐολον
2883 2285 3068 2355 ψῆφον
3118 2286 3518 2356 ἀνακρίνεσθαι
3564 2289 3715 2357 παρα

455 2371 738 2437 judicavit,
773 2386 896 2424 cum
948 2369 1195 2423 ﬁnitimis
1247 2368 1517 2439 episcOpis
1567 2367 1889 2423 examinari.
1922 2366 2036 2421 illic

454 2464 600 2518 enim
655 2463 828 2515 fuerat
861 2461 1069 2532 prolata
1118 2461 1411 2525 sententia,
1464 2475 1563 2515 nec
1599 2469 1774 2529 potest
1805 2458 2035 2528 amplius

452 2555 701 2625 judicare
726 2556 814 2624 qui
846 2554 993 2607 illam
1018 2552 1183 2607 semel
1215 2552 1436 2621 protulit
1462 2569 1475 2617 ;
1501 2561 1553 2605 et
1580 2560 1864 2619 propterea
1892 2549 2035 2603 illius

459 2648 749 2709 sententia,
788 2656 846 2700 ut
875 2645 1039 2700 dubia
1095 2644 1445 2713 appellationi
1472 2643 1758 2711 subjicitur
1783 2660 1797 2694 :
1821 2641 1911 2695 hic
1942 2657 2037 2695 au-

460 2747 567 2789 tem
600 2752 711 2790 non
742 2745 827 2789 est
876 2736 1086 2804 prolata
1118 2732 1412 2787 sententia.
1450 2733 1514 2787 Et
1547 2748 1720 2787 canon
1765 2742 2038 2801 metropo-

456 2828 682 2881 litanum
732 2827 984 2889 admonet
1036 2824 1296 2879 ﬁnitimos
1348 2824 1633 2893 cpischtos
1669 2839 1951 2881 accersere
1982 2832 2040 2878 ut

458 2918 679 2974 tollatur
708 2918 1000 2984 dissensio,
1031 2926 1085 2972 et
1111 2917 1191 2972 sic
1216 2917 1393 2972 omnis
1427 2916 1770 2972 coiidemnati
1802 2916 2038 2987 suspicio

464 3020 518 3064 ct
555 3010 929 3076 tergiversatio
958 3021 1259 3073 resecetur,
1301 3007 1394 3063 sed
1429 3009 1473 3063 si
1507 3009 1611 3063 hoc
1634 3022 1849 3077 quoque
1870 3006 2036 3073 facto,

462 3103 862 3155 condemnatus
891 3099 992 3153 sibi
1024 3099 1222 3153 factam
1256 3097 1509 3166 injuriaut
1545 3112 1665 3154 esse
1695 3107 1867 3167 putet,
1891 3109 2042 3157 recte

2141 2375 2391 2443 μείζονος
2444 2376 2691 2441 συνόδου,
2737 2377 2829 2428 καὶ
2865 2376 2941 2446 μὴ
2975 2377 3373 2446 δοκιμάζεσθαι
3432 2376 3587 2447 παρὰ
3620 2379 3712 2431 τοῦ

2138 2466 2371 2535 πρώτως
2398 2468 2680 2536 κρίνοντος
2728 2468 2868 2536 μετὰ
2921 2467 3318 2539 πλησιοχώρων
3374 2470 3711 2523 ἐπισκόπων.

2158 2558 2307 2609 Ἑκεί
2361 2557 2459 2625 μὲν
2488 2558 2596 2626 γὰρ
2644 2558 2849 2626 ἔφθασε
2879 2559 3135 2626 γενέσθαι
3185 2561 3218 2629 ἠ
3266 2560 3567 2630 ἀπόφασις,
3619 2559 3715 2613 καὶ

2144 2648 2331 2701 οὐκέτι
2360 2648 2585 2701 δύναται
2610 2648 2852 2714 δικάζειν
2883 2652 2910 2702 ὁ
2942 2649 3092 2715 ἅπαξ
3120 2652 3571 2722 ἀποφηνάμενος,
3619 2657 3716 2705 καὶ

2139 2738 2231 2792 διὰ
2258 2739 2417 2793 τοῦτο
2448 2742 2479 2809 ἡ
2511 2739 2696 2809 ψῆφος
2722 2741 2957 2805 ἐκείνου,
2985 2742 3061 2806 ὡς
3096 2743 3424 2812 ἀμφίϐολος,
3458 2744 3707 2814 ἐκκλήτῳ

2140 2831 2464 2887 ὑπόκειται*
2534 2834 2771 2889 ἐνταῦθα
2828 2835 2884 2888 δὲ
2916 2836 2976 2889 οὐ
3013 2838 3236 2905 γέγονεν
3280 2837 3577 2908 ἀπόφασις.
3613 2839 3725 2892 Καὶ

2143 2922 2467 2993 ὑποτίθησιν
2502 2925 2530 2976 ό
2560 2922 2743 2978 κανὼν
2765 2924 2844 2994 τῷ
2875 2926 3249 2995 μητροπολίτῃ
3291 2925 3725 2995 μετακαλείσθαι

2142 3015 2237 3068 καὶ⁵
2269 3015 2687 3086 πλησιοχώρους
2711 3017 3075 3082 ἐπισκόπους,
3106 3020 3192 3088 ἐφ’
3214 3012 3259 3086 ᾧ
3290 3017 3389 3089 τὴν
3418 3018 3723 3087 διαφωνίαν

2141 3106 2397 3176 λυθῆναι,
2457 3110 2551 3162 καὶ
2586 3108 2732 3162 οὕτω
2770 3111 2955 3164 πᾶσαν
3006 3109 3433 3181 περιαιρεθῆναι
3480 3110 3581 3179 τὴν
3626 3108 3725 3163 τοῦ

465 3192 838 3261 appellaverit,
872 3201 929 3243 ut
955 3190 1279 3245 duodecimo
1338 3204 1546 3243 canone
1602 3190 1938 3256 continetur,
1986 3200 2041 3245 et

2151 3200 2651 3272 καταδικαζομένου
2675 3201 2916 3271 ὑποψίαν
2946 3203 3040 3255 καὶ
3078 3203 3355 3272 πρόφασιν
3380 3217 3395 3233 ο
3450 3200 3591 3273 πλὴν
3624 3203 3722 3255 καὶ

463 3250 661 3352 quarto
720 3250 1059 3338 Sardict‘nsis
1080 3282 1297 3352 synodi.
1323 3280 1465 3351 Lege
1487 3290 1539 3335 et
1562 3279 1803 3348 ejusdem
1844 3250 2036 3353 synodi

2151 3290 2336 3345 ratirati
2378 3250 2693 3362 7:‘J<;pévou,
2726 3250 2825 3347 ἐὰν
2850 3297 2879 3347 ό
2907 3250 3335 3357 καταδικασθεὶς
3381 3250 3583 3365 νομίζῇ
3613 3294 3732 3346 ἁδι-

460 3389 698 3427 canones
757 3374 790 3425 3
838 3380 894 3428 et
921 3373 973 3428 5.
1012 3373 1069 3428 Si
1113 3382 1292 3425 autem
1347 3371 1489 3441 apud
1535 3372 1897 3442 patriarcham
1932 3372 2041 3428 liti-

460 3467 691 3538 gavcrit,
732 3479 974 3534 praesens
1021 3479 1192 3520 canon
1224 3472 1278 3519 et
1309 3477 1545 3532 sequeus
1592 3463 1769 3517 locum
1802 3464 2037 3523 habebit.

2147 3385 2389 3451 κεῖσθαι,
2420 3385 2599 3449 καλῶς
2644 3386 3037 3457 ἑκκαλέσηται,
3097 3388 3241 3442 κατὰ
3289 3386 3391 3454 τὴν
3434 3387 3733 3458 περίληψιν

2146 3476 2247 3528 τοῦ
2275 3475 2343 3547 ιβ’
2391 3478 2617 3541 κανόνος
2645 3480 2741 3533 καὶ
2767 3480 2862 3533 τοῦ
2892 3482 2933 3534 δ’
2981 3481 3206 3545 κανόνος
3241 3482 3343 3551 τῆς
3376 3483 3435 3535 ἐν
3488 3481 3731 3555 Σαρδικῇ

459 3561 705 3619 συνόδου.
744 3559 1044 3628 ’Δνάγνωθι
1073 3560 1169 3613 καὶ
1193 3559 1292 3629 τῆς
1319 3558 1488 3628 αὐτῆς
1520 3554 1568 3627 γ’
1602 3558 1694 3611 καὶ
1724 3564 1764 3610 ε’
1797 3561 2019 3615 κανόνα·
2057 3566 2105 3618 εί
2135 3567 2194 3621 δὲ
2222 3572 2374 3643 παρὰ
2401 3571 2478 3643 τῷ
2507 3574 2819 3646 πατριάρχης)
2849 3575 3158 3641 ἐδικάσατο,
3219 3574 3293 3627 τὰ
3364 3575 3460 3629 τοῦ
3527 3575 3737 3646 παρὼν

457 3666 555 3719 τος
590 3654 816 3716 κανόνος
841 3653 938 3707 καὶ
967 3652 1060 3705 τοῦ
1087 3650 1283 3721 ἑφεξῆς
1308 3649 1490 3715 ἕξουσι
1517 3651 1723 3724 χώραν.

534 3744 796 3802 ZONAR.
831 3745 1281 3814 Quandocunque
1309 3744 1505 3813 aliquis
1548 3746 1617 3799 ab
1646 3745 1901 3802 omnibus
1929 3762 2053 3816 pro-

2224 3750 2480 3805 ΖΩΝΑΡ.
2512 3752 2645 3805 Ὅτε
2678 3752 2777 3823 μὲν
2810 3752 2915 3807 ὑπὸ
2941 3752 3163 3807 πάντων
3188 3753 3299 3806 τῶν
3328 3752 3429 3822 τῆς
3456 3754 3737 3825 ἐπαρχίας

464 3839 662 3892 vincia:
690 3837 962 3908 episcopis
995 3837 1238 3892 unanimi
1271 3851 1540 3892 consensu
1564 3836 1856 3894 damnatus
1886 3838 2042 3894 fuerit

2151 3844 2474 3899 ἐπισκόπων
2508 3846 2823 3915 συμφώνως
2872 3847 3296 3912 καταδικάζοιτο
3324 3849 3351 3901 ὀ
3379 3848 3734 3918 κρινόμενος,

460 3930 865 3985 damnationem
898 3928 954 3982 in
986 3929 1210 3983 dubiant
1261 3942 1539 3994 revocare,
1574 3935 1632 3983 ut
1661 3929 1818 3998 hujus
1851 3929 2043 3999 synodi

462 4036 677 4078 canone
704 4021 740 4075 4
786 4021 1147 4076 constitutum
1176 4029 1280 4088 est,
1328 4035 1671 4091 nequaquam
1718 4020 1923 4075 licebit.
1968 4021 2042 4077 At

460 4117 642 4168 sinon
689 4127 878 4167 omnes
924 4111 1163 4181 episcopi
1194 4110 1337 4165 idem
1364 4112 1625 4177 sentiant,
1658 4109 1756 4165 sed
1809 4110 1898 4165 alii
1923 4109 2044 4180 qui¢

458 4207 586 4260 dem
619 4204 865 4259 damnari
897 4218 1071 4269 reum,
1125 4202 1214 4258 alii
1241 4214 1433 4260 contra
1478 4203 1593 4257 ﬁeri
1623 4209 1879 4271 oportere
1906 4217 2039 4259 con-

460 4298 728 4364 tendant;
779 4307 907 4351 tunc
951 4302 982 4350 a
1033 4296 1449 4366 metropolitano
1496 4296 1616 4364 ejus
1669 4294 1960 4361 provinciae
2011 4309 2044 4351 α

458 4387 642 4440 vicina
690 4386 970 4456 provincia
1028 4387 1125 4441 alii
1172 4385 1413 4463 episcopi
1455 4383 1697 4449 evocari,
1745 4398 2045 4456 eorumque

405 4534 416 4544 ,
458 4478 736 4546 situragiis
760 4478 827 4532 ad
863 4479 1093 4533 alteram
1130 4478 1364 4547 partium
1411 4476 1687 4546 adjunctis
1715 4476 2046 4534 dissentien—

2149 3938 2251 3990 οὐκ
2276 3936 2488 4001 ἔξεστιν
2519 3938 2705 3992 αὐτῶν
2755 3940 2856 4006 τὴν
2884 3939 3069 4009 ψῆφον
3128 3939 3420 3995 αἰτιᾶσθαι
3466 3942 3609 3994 κατὰ
3638 3941 3736 3994 τὸν

2148 4026 2191 4082 δ’
2237 4030 2440 4083 κανόνα
2468 4031 2568 4100 τῆς
2603 4031 2886 4101 παρούσης
2920 4030 3141 4084 συνόδου
3169 4047 3183 4061 ο
3216 4032 3307 4084 ὅτε
3333 4031 3392 4083 δὲ
3417 4030 3734 4099 διαφωνοῦ-

2149 4135 2237 4173 σιν
2270 4122 2321 4173 οἱ
2343 4119 2661 4186 ἐπίσκοποι,
2694 4122 2793 4176 καὶ
2819 4121 2869 4173 ot
2917 4121 3020 4189 μὲν
3048 4120 3507 4184 καταδικάζουσιν
3538 4121 3733 4188 αὐτὸν,

2148 4214 2200 4266 oi.
2229 4213 2289 4266 δὲ
2315 4214 2689 4283 ἀντιλέγουσι,
2718 4215 2842 4267 τότε
2871 4213 2977 4284 χρὴ
3018 4213 3112 4267 τὸν
3167 4213 3583 4285 μητροπολίτην
3628 4214 3734 4283 τῆς

2151 4305 2426 4376 ὶπαρχίας
2456 4305 2678 4377 ἐκείνης
2705 4307 2820 4360 ἀπὸ
2849 4310 2948 4376 τῆς
2999 4304 3415 4375 πλησιαζούσης
3457 4306 3739 4377 ἐπαρχίας

2154 4398 2582 4468 μετακαλείσθαι
2606 4397 2942 4460 ἐπισκόπους
2969 4396 3216 4466 ἑτέρους,
3244 4395 3390 4449 ὥστε
3421 4396 3550 4466 παρ’
3579 4397 3733 4450 ἐκεί.

2154 4507 2261 4543 νων
2293 4490 2524 4559 λυθῆναι
2560 4488 2660 4560 τὴν
2688 4488 2987 4557 διαφωνίαν
3022 4486 3132 4551 τῶν
3182 4489 3524 4553 ἐπισκόπων,
3552 4503 3737 4557 προσ-

464 4570 605 4621 tium
640 4570 778 4622 inter
815 4584 875 4624 se
913 4571 1288 4638 episcoporum
1337 4569 1726 4622 controversia:
1791 4571 2042 4640 componi

2151 4581 2413 4634 τεθέντων
2469 4581 2549 4633 ὲνὶ
2588 4581 2746 4651 μέρει
2796 4579 2907 4632 τῶν
2959 4578 3399 4649 ἐναντιουμένων
3447 4579 3736 4648 ἀλλήλοις.

458 4658 686 4715 debent.
717 4657 858 4727 Lege
904 4657 1250 4713 Sardicensis
1292 4670 1511 4726 quoque
1556 4658 1755 4729 synodi
1781 4673 2043 4716 canonem

464 4752 685 4804 tertium
718 4759 770 4804 et
797 4752 1071 4819 quintum.

466 4840 695 4895 AltlST.
751 4860 769 4893 ι
811 4839 867 4895 Si
903 4841 1158 4908 episcopo
1190 4850 1467 4905 accusata,
1496 4840 1790 4909 provincia:
1808 4843 2046 4913 episcopi

539 4936 725 4986 (inter
781 4948 839 4985 se
890 4931 1237 4999 discrepent,
1287 4932 1353 4987 ad
1412 4933 1841 4988 contrOversiam
1899 4942 2049 4989 certo

538 5044 558 5077 ι
590 5024 975 5085 dirimendum,
999 5022 1090 5077 alii
1116 5037 1149 5077 ο
1176 5024 1368 5080 vicinis
1402 5034 1528 5080 sunt
1555 5024 1872 5080 advocandi.
1909 5042 1929 5077 ι

526 5238 922 5307 ἐυιιιιεαιήεηιιο
965 5240 1251 5312 episcOpns
1306 5242 1628 5297 criminibus
1680 5251 1967 5297 accusatus
2005 5257 2036 5297 a
2140 5284 2143 5285 ν

458 5333 684 5402 φΓιψΓίὲ
714 5334 920 5403 synodo
948 5335 1182 5402 iudicari
1227 5336 1427 5403 debet;
1464 5336 1512 5389 si
1540 5343 1721 5390 autem
1752 5334 2045 5405 provincia

467 5424 701 5493 βρίθει)ρί
718 5406 1166 5495 “ιιιεςοιιιίοιιι,ζίιιί
1189 5426 1407 5494 quidem
1434 5425 1707 5480 insontem
1724 5426 2044 5495 judicatum,

467 5516 558 5569 alii
591 5530 741 5569 reum
777 5514 1043 5583 dicentes,
1067 5532 1095 5569 a
1122 5517 1299 5570 vicina
1328 5516 1605 5584 provincia
1632 5526 1810 5587 potest
1833 5528 2040 5572 metro-

462 5608 733 5675 ptilitzmus
752 5609 885 5662 alios
913 5622 1142 5663 evocare
1165 5608 1451 5677 episcopos
1486 5617 1545 5665 ut
1594 5609 2027 5666 controversiain

469 5700 535 5751 ab
566 5698 832 5769 episcopis
862 5699 1119 5769 agitatam
1149 5700 1394 5756 solvant.

2164 4674 2572 4742 ’.ἀναγνωστέον
2594 4674 2652 4727 δὲ
2683 4674 2781 4729 καὶ
2803 4673 2904 4743 τῆς
2935 4674 2994 4727 ὲν
3024 4673 3265 4744 Σαρδικῇ
3300 4674 3524 4729 συνόδου
3560 4675 3654 4730 τὸν
3681 4682 3739 4743 γ’

2149 4765 2244 4819 καὶ
2269 4762 2308 4816 ε’
2339 4765 2560 4821 κανόνα.

2146 4857 2371 4912 ΔΡΙΣΤ.
2408 4874 2428 4908 ι
2472 4856 2555 4921 Εί,
2585 4854 2888 4911 ἐπισκόπου
2919 4854 3269 4925 κρινομένου,
3302 4854 3354 4908 οἱ
3390 4854 3496 4923 τῆς
3556 4855 3727 4925 ἐπαρη

2226 4967 2245 5000 ι
2288 4948 2409 5017 χίας
2443 4948 2739 5002 ἐπίσκοποι
2797 4948 3149 5019 διαφέροιντο
3173 4964 3187 4978 ·
3223 4947 3599 5018 μετακλητὲον
3620 4950 3738 5002 ἀπο

2225 5058 2242 5093 ι
2290 5041 2401 5094 τῶν
2441 5040 2612 5103 πέλας
2643 5041 2862 5111 ἑτέρους
2890 5042 2972 5105 εἰς
3017 5039 3393 5111 ἀναμφίὸολον
3446 5040 3599 5095 λύσιν
3635 5041 3735 5094 τοῦ

2226 5150 2243 5183 ι
2290 5131 2805 5202 ἀμφισβητήματος.
2842 5150 2862 5184 ι

2225 5223 2500 5286 Ἕκαστος
2551 5223 2662 5277 τῶν
2716 5224 3058 5288 ἑπισκόπων,
3110 5220 3597 5293 κατηγορούμενος
3643 5222 3737 5275 ἐπ’

2154 5315 2323 5386 ὲγκλή
2336 5332 2495 5385 μασι,
2529 5315 2680 5386 παρὰ
2709 5318 2776 5385 τῇ
2808 5315 2914 5386 ἰδίᾳ
2944 5315 3152 5384 συνόδῳ
3185 5313 3395 5384 ὀφείλει
3424 5312 3734 5380 κρίνεσθαι.

2148 5408 2296 5465 Είδὲ
2340 5410 2390 5461 οἰ
2424 5407 2523 5477 τῆς
2579 5408 2852 5478 ἐπαρχίας
2907 5407 3202 5461 ἐπίσκοποι
3241 5404 3630 5473 διαφωνοῦσιν,
3679 5407 3734 5459 oi

2150 5499 2261 5571 μὲν
2290 5498 2473 5553 ἀθῶον
2514 5497 2608 5550 τὸν
2636 5496 2966 5569 κρινόμενον
2998 5497 3277 5566 λέγοντες,
3309 5498 3360 5550 oi.
3396 5496 3456 5549 δὲ
3492 5495 3739 5549 ὑπεύθυ-

2148 5607 2263 5648 νον·
2296 5591 2407 5646 ἀπὸ
2446 5591 2548 5662 τῆς
2576 5588 2959 5663 πλησιοχώρου
2995 5589 3267 5662 ἐπαρχίας
3299 5589 3526 5644 δύναται
3550 5589 3580 5641 ό
3611 5604 3727 5658 μη-

2150 5680 2480 5751 τροπολίτης
2507 5681 2727 5753 ἑτέρους
2759 5678 3095 5746 ἐπισκόπους
3138 5679 3597 5751 μετακαλείσθαι,
3646 5680 3737 5733 ἵνα

2150 5773 2255 5844 τὴν
2284 5773 2527 5827 ὑποῦσαν
2561 5774 2728 5845 μέσον
2764 5773 2868 5829 τῶν
2916 5773 3237 5829 ἐπισκόπων
3271 5770 3607 5845 ἀμφιϐολίαν
3642 5770 3743 5825 λί-

2153 5884 2305 5922 σωσι.
