2026 3203
214 192 283 224 1319

843 187 893 217 ΤΗ
900 187 981 218 ΕΟΙ).
1000 185 1200 217 BALSAMON

1789 183 1860 216 1320

213 257 305 280 autem
319 249 575 287 reprehenderetur,
586 251 613 276 et
624 247 855 283 interrogaretur.
868 246 1006 282 quomodo

1068 247 1131 277 imo;
1145 245 1225 272 τοῦτο
1242 244 1422 281 τετόλμηκεν,
1440 244 1666 279 ἐδικαιολογεῖτο,
1685 244 1723 281 μὴ
1736 244 1769 271 δι’
1788 244 1859 271 ἄλλο

213 299 267 327 hoc
292 302 367 327 esset
395 304 490 328 ausus,
509 295 561 323 hoc
580 302 610 322 se
637 294 719 322 modo
740 293 916 321 defendebat.
938 292 998 321 Non

214 349 329 381 propter
360 342 465 377 aliquid
492 342 568 369 aliud
595 341 683 369 fuisse
712 340 880 375 prohibitam
905 340 933 367 in
954 338 1007 366 alia

214 392 328 426 regione
344 395 391 417 seu
414 388 530 416 ditecesi
551 386 740 422 operationem
765 394 813 413 seu
831 385 1006 416 exercitium,

214 445 296 473 quam
313 444 346 463 ne
362 435 463 470 injuria
478 433 635 461 afﬁceretur
651 437 678 460 et
689 435 913 459 contemneretur
927 430 1008 465 hujus

214 483 340 518 regionis
357 481 521 509 dimcesisve
538 479 637 515 praesul
654 488 660 506 :
681 487 742 507 cum
767 482 859 505 autem
888 485 942 505 non
973 477 1008 504 sit

217 530 333 555 antistes
348 528 375 554 in
392 532 506 554 vacante
520 525 648 558 ecclesia,
666 529 693 551 et
707 531 770 551 cum
786 524 844 558 ipse
856 531 930 555 eam,
947 530 1009 557 quae

215 574 254 601 illi
271 573 421 607 obtigerat.
438 579 493 599 non
514 571 607 604 habet,
626 574 655 596 tit
671 576 733 604 quae
751 577 765 595 a
789 568 919 603 gentibus
943 568 1010 595 deti-

216 619 351 651 nebatur,
381 625 433 653 nec
460 624 520 652 qua;
549 616 584 643 de
606 616 709 650 injuria
736 615 810 642 dicta
837 618 901 642 suttt
917 614 1007 641 locum

217 664 370 696 habebunt,
400 671 450 690 nec
477 663 564 689 ullum
590 662 616 688 ei
650 661 843 696 prajudieium
869 659 1009 691 aii‘eretur,

218 717 348 745 tanquam
377 709 435 744 qui,
469 709 540 735 ultra
569 715 601 735 ea
632 715 694 742 quae
718 707 810 738 habet,
837 707 925 734 aliena
956 705 1008 733 sibi

217 762 344 792 usurpet.
369 757 438 783 Dicit
452 763 518 791 ergo
533 762 636 786 canon,
655 762 730 786 eutn,
748 754 794 788 qui
823 757 879 780 tam
907 757 1010 780 temere

217 813 232 833 a
249 805 371 840 Spiritus
389 803 478 830 sancti
496 802 587 837 gratia
613 809 668 828 non
695 800 750 828 sibi
767 800 860 827 datum
880 799 1009 826 thronum

219 851 328 885 arripit,
350 850 458 877 etiamsi
490 853 517 875 et
546 848 605 882 ipse
632 850 660 874 et
690 846 807 874 ecclesia
834 850 923 878 vacet,
949 852 1011 872 esse

218 896 396 932 ejiciendum.
410 894 526 922 Perinde
542 898 634 920 autem
647 901 679 920 ac
690 893 712 920 si
729 892 844 919 dixisset
861 891 1009 926 quispiam,

219 951 251 970 ea
268 943 359 969 locum
378 942 491 972 habere,
509 940 621 975 quando
637 940 670 969 is.
686 938 732 973 qui
757 941 849 969 vacat,
874 937 1012 972 praedonis

219 997 296 1016 more
314 994 457 1015 vacantem
481 986 626 1014 ecclesiam
649 984 812 1016 invasisset;
836 990 888 1010 non
918 987 1011 1009 autem

219 1035 331 1070 quando
348 1034 410 1068 ejus
429 1033 549 1068 populus
565 1040 646 1064 eum,
660 1031 708 1066 qui
723 1034 813 1061 vacat.
831 1029 874 1056 vel
893 1029 1009 1056 invitum

221 1079 256 1107 ad
271 1087 331 1106 eam
365 1078 567 1106 transtulerit:
588 1077 683 1112 adjicit
698 1084 786 1103 canon
809 1082 845 1102 ne
867 1079 1010 1110 propterea

220 1124 331 1159 quidem
350 1131 412 1150 esse
439 1123 477 1149 illi
505 1120 717 1157 ignoscendum,
741 1120 789 1154 qui
815 1119 842 1146 in
870 1122 1010 1146 vacantem

220 1170 353 1198 diwccsin
378 1169 483 1203 aliquid
511 1168 668 1202 episcopale
691 1166 816 1194 exercuit
834 1165 938 1200 absque
965 1172 1012 1199 sy-

219 1217 284 1244 nodi
303 1216 497 1252 permissione.
520 1215 589 1242 Cum
608 1218 713 1247 autem,
732 1218 761 1240 ut
793 1217 836 1240 est
853 1211 1012 1244 verisimile,

221 1270 237 1289 a
254 1261 464 1296 provincialium
477 1260 671 1294 episcoporum
684 1257 893 1293 dispensatione
906 1256 1013 1287 vacanti

221 1309 343 1342 cuipiam
358 1307 524 1342 permissum
540 1311 613 1333 esset
630 1305 657 1332 in
673 1309 790 1332 vacante
813 1302 930 1330 ecclesia
943 1302 1015 1330 cele-

221 1354 314 1386 brare,
330 1358 357 1380 et
370 1354 422 1380 hoc
433 1353 623 1384 damnaretur,
640 1358 674 1378 eo
688 1350 761 1385 quod
775 1357 831 1377 non
847 1354 920 1377 esset
930 1349 1012 1377 etiatn

221 1407 354 1427 assensus
372 1398 619 1432 metropolitanus,
644 1396 774 1423 dicebant
801 1396 924 1430 quidam,
947 1397 1015 1423 esse

221 1450 249 1473 et
272 1445 368 1472 vocari
403 1444 538 1479 synodum
572 1441 785 1477 provincialium
818 1441 1014 1476 episcoporum

222 1495 400 1521 conventuin,
414 1494 442 1516 et
457 1489 519 1515 ideo
535 1487 643 1514 ﬁrmum
662 1493 724 1514 esse
755 1486 828 1521 quod
855 1486 889 1513 ab
913 1487 955 1513 eis
985 1486 1015 1513 iit

222 1537 282 1564 sine
300 1536 527 1571 metropolitano,
544 1534 674 1569 quoniam
692 1533 886 1568 episcoporum
903 1536 1016 1559 senten-

223 1572 301 1615 tiis,
319 1583 403 1610 etiam
434 1582 494 1609 sine
523 1581 755 1616 metropolitano,
784 1579 938 1607 contradici
961 1586 1015 1606 non

224 1630 314 1661 potest
332 1635 338 1652 :
354 1626 484 1653 dixerunt
499 1624 606 1657 Patres,
621 1626 649 1653 in
677 1626 727 1652 hac
754 1633 838 1653 causa
867 1632 927 1652 eam
953 1631 1016 1651 esse

227 1671 380 1706 perfectam
399 1671 546 1707 synodum,
566 1679 627 1706 quae
654 1671 738 1699 habet
754 1673 837 1698 etiam
859 1670 1019 1705 metropoli-

225 1722 319 1744 tanum
343 1721 523 1750 praesentem;
543 1720 583 1744 est
594 1721 683 1743 autem
702 1717 840 1744 sententia
852 1716 1017 1751 singularis;

227 1767 255 1791 et
268 1763 416 1798 singularia
430 1771 484 1790 non
500 1763 647 1790 trahuntur
655 1762 689 1790 ad
696 1763 861 1797 exemplum.
872 1762 942 1791 Nota
954 1771 1019 1798 ergo

226 1816 258 1835 ex
268 1810 394 1843 praesenti
405 1815 520 1841 canone,
536 1807 609 1843 quod
620 1814 682 1835 cum
696 1806 819 1842 synodali
833 1807 943 1835 decreto
957 1816 1020 1843 per-

227 1855 345 1880 mittitur
364 1854 472 1881 vaeanti
499 1855 630 1888 episcopo
651 1854 678 1880 in
690 1856 809 1881 vacante'
818 1853 933 1880 ecclesia
946 1855 1019 1881 cele-

227 1900 306 1926 brare
317 1908 324 1932 ;
336 1900 402 1934 quin
414 1904 440 1926 et
450 1901 477 1927 in
489 1900 549 1935 ipso
561 1899 621 1934 ejus
630 1901 728 1926 throno
741 1899 847 1927 sedere.
859 1899 937 1934 Saepe
946 1900 1018 1927 enini

219 1945 331 1975 audivi,
348 1946 421 1979 quod
450 1945 631 1980 imperatorio
649 1952 760 1980 quoque
779 1945 910 1973 mandato
934 1945 968 1972 ad
992 1945 1019 1973 id

227 1998 299 2025 opus
319 1997 372 2018 est.
388 1991 601 2025 lnterrogaverit
616 1995 706 2017 autent
720 1991 866 2026 quispiam,
878 1991 1020 2024 Quomodo

228 2035 344 2071 intelligi
380 2035 461 2063 debet
495 2035 582 2067 illud,
606 2042 668 2063 esse
696 2036 865 2071 ejiciendum
887 2045 949 2065 eum
973 2038 1020 2072 qui

229 2081 302 2109 iiiattt
330 2083 370 2109 sic
388 2081 488 2109 invasit
510 2082 675 2109 ecclesiam?
700 2088 726 2109 ct
753 2083 881 2110 dicebant
908 2083 1020 2119 quidem

228 2127 353 2154 nonnulli
370 2127 422 2154 hoc
442 2127 476 2154 de
493 2128 684 2163 segregatione
710 2129 809 2163 accipi.
838 2128 904 2156 Mihi
930 2136 1021 2158 autem

228 2172 337 2199 videtur
346 2180 408 2200 esse
421 2173 611 2207 accipiendum
623 2175 657 2203 de
668 2175 852 2211 depositione,
862 2175 1020 2205 secundum

229 2226 351 2246 canones
363 2219 409 2254 qui
426 2219 581 2248 dicunteos
600 2228 661 2249 esse
679 2222 857 2257 deponendos
881 2224 929 2257 qui
946 2223 1021 2250 ordi-

1057 300 1085 318 τι
1105 292 1265 327 κωλυθῆναι
1287 293 1338 327 τὴν
1355 292 1422 327 παρ’
1445 292 1556 327 ἐνορίαν
1579 291 1732 325 ἐνέργειαν,
1754 291 1813 317 ἀλλ’
1839 290 1859 327 ἦ

1058 338 1102 365 διὰ
1114 338 1144 364 τὸ
1161 338 1198 373 μὴ
1214 338 1375 373 ὑϐρίζεσθαι
1390 338 1406 373 ἢ
1422 338 1653 373 καταφρονεῖσθαι
1668 337 1712 364 τὸν
1732 336 1782 372 τῆς
1798 338 1865 364 Evo-

1060 386 1121 422 ρίας
1135 386 1237 419 ταύτης
1254 386 1387 421 πρόεδρον
1401 394 1408 402 ⁸
1431 385 1584 421 ἀρχιερέως
1607 386 1636 412 δὲ
1665 385 1702 420 μὴ
1728 384 1806 416 ὄντος
1828 386 1863 411 ὲν

1059 435 1092 468 τῇ
1110 432 1278 469 σχολαζούσῃ
1301 433 1447 467 ἐκκλησίᾳ,
1462 432 1523 459 ἐπεὶ
1537 432 1583 459 καὶ
1595 432 1676 463 αὐτὸς
1691 431 1740 466 τὴν
1753 430 1859 466 λαχοῦ-

1060 488 1110 507 σαν
1126 479 1221 506 τοῦτον
1235 479 1286 506 οὐκ
1306 480 1375 513 ἔχει,
1393 479 1444 505 ὑπὸ
1467 479 1521 505 τῶν
1545 478 1630 505 ἐθνῶν
1654 478 1862 513 κατεχομένην,

1060 526 1122 553 οὕτε
1137 526 1172 552 τὰ
1183 526 1234 560 τῆς
1249 525 1380 562 ρηθεῐσης
1401 525 1508 559 ὕϐρεως
1521 525 1613 559 χώραν
1631 525 1699 559 ἔχει,
1723 524 1784 551 οὑδὲ
1806 525 1865 550 αὑ-

1061 573 1106 603 τὸς
1123 571 1425 607 προκριματισθήσεται
1449 571 1576 598 ἐπέκεινα
1590 568 1626 598 ὧν
1637 571 1692 607 ἔχει
1706 571 1865 606 ἰδιούμενος

1061 618 1095 644 τὰ
1109 617 1252 652 ἀλλότρια.
1265 617 1334 652 Φησὶ
1346 616 1436 642 τοίνυν
1447 617 1460 642 6
1474 615 1565 643 κανὼν
1581 616 1627 642 τὸν
1646 616 1718 643 οὕτω
1734 616 1867 650 ῥιψοκιν-

1061 665 1147 696 δύνως
1165 664 1325 699 ἁρπάζοντα
1339 664 1385 690 τὸν
1405 662 1442 697 μὴ
1459 663 1570 690 δοθέντα
1592 663 1667 698 αὐτῷ
1682 663 1779 698 θρόνον
1808 662 1867 689 ὑπὸ

1061 712 1110 746 τῆς
1127 711 1238 747 χάριτος
1249 710 1297 737 τοῦ
1313 710 1447 745 παναγίου
1464 710 1636 745 Πνεύματος,
1652 710 1703 736 κᾶν
1715 709 1864 744 σχολάζων

1062 757 1131 789 ἐστὶ,
1146 757 1193 783 καὶ
1207 757 1224 792 ἡ
1246 755 1358 791 τοιαύτη
1383 756 1516 791 ἐκκλησία
1534 755 1719 789 σχολάζουσα,
1735 754 1865 788 ἀπόϐλη-

1061 811 1108 829 τον
1132 802 1269 836 γίνεσθαι.
1299 802 1343 832 Ὧς
1362 801 1391 827 δέ
1412 809 1486 832 τινος
1512 801 1639 831 εἰπόντος
1663 800 1754 826 ταῦτα
1768 799 1868 833 χώραν

1062 849 1135 883 ἔχειν
1147 848 1212 885 ἔνθα
1226 848 1381 885 λῃστρικῶς
1404 848 1418 874 6
1435 847 1575 882 σχολάζων
1593 847 1791 882 ἐσφετερίσατο
1809 846 1866 881 τὴν

1064 884 1261 930 σχολάξουσαν,
1276 895 1306 920 οὐ
1325 894 1379 929 μὴν
1392 895 1436 920 ὅτε
1451 894 1465 920 6
1485 892 1588 928 ταύτης
1603 893 1664 924 λαὸς
1683 891 1732 918 καὶ
1756 891 1865 918 ἄκοντα

1065 941 1110 968 τὸν
1128 941 1297 976 σχολάζοντα
1320 941 1479 976 μετήγαγεν
1495 941 1535 971 είς
1553 939 1638 974 αὑτήν
1653 946 1660 954 ³
1678 938 1866 974 προστίθησιν

1065 988 1079 1014 ὁ
1094 988 1184 1015 κανὼν
1201 987 1270 1022 μηδὲ
1289 987 1343 1014 ἀπὸ
1359 987 1455 1014 τούτου
1482 984 1720 1019 συγγινώσκεσθαι
1746 984 1794 1011 τὸν
1821 986 1865 1016 είς

1068 1033 1254 1069 σχολάζουσαν
1264 1033 1373 1067 ἐνορίαν
1388 1032 1583 1067 ἀρχιερατικόν
1597 1040 1623 1058 τι
1640 1031 1784 1066 πράξαντα
1800 1030 1866 1065 δίχα

1068 1080 1212 1115 συνοδικῆς
1227 1079 1392 1115 ἐπιτροπῆς.
1414 1079 1490 1105 Ἐπεὶ
1512 1079 1551 1111 δὲ,
1574 1079 1613 1110 ὡς
1635 1079 1735 1111 ἔοικεν,
1751 1078 1805 1104 ἀπὸ
1827 1079 1867 1104 οἱ-

1067 1128 1199 1161 κονομίας
1224 1125 1408 1160 ὲπαρχιωεῶν
1428 1125 1589 1152 ἐπισκόπων
1614 1125 1806 1161 παρεχωρήθη
1823 1132 1865 1156 τις

1069 1174 1207 1209 σχολάζων
1218 1173 1372 1207 ἱερουργεῖν
1389 1173 1429 1204 είς
1441 1171 1639 1207 σχολάζουσαν,
1652 1172 1701 1198 καὶ
1718 1171 1766 1197 τοῦ
1784 1179 1864 1205 γεγο-

1067 1220 1143 1251 νότος
1162 1218 1413 1254 κατακρινομένου,
1439 1218 1484 1244 διὰ
1508 1218 1541 1244 τὸ
1569 1217 1606 1252 μὴ
1632 1216 1863 1252 συμψηφὶσασθαι

1067 1267 1116 1293 καὶ
1137 1266 1183 1292 τὸν
1211 1265 1427 1300 μητροπολίτην,
1447 1264 1541 1297 ἔλεγόν
1557 1272 1631 1293 τινες
1658 1264 1768 1290 σύνοδον
1793 1260 1862 1289 εἶναι

1069 1312 1117 1339 καὶ
1129 1311 1314 1346 ὀνομάζεσθαι
1338 1311 1387 1344 τὴν
1405 1310 1563 1337 συνέλευσιν
1585 1310 1641 1337 τῶν
1666 1309 1862 1346 ὲπαρχιωτῶν,

1069 1357 1218 1384 κάντεῦθεν
1234 1355 1306 1383 εἶναι
1323 1355 1432 1390 βέὸαιον
1455 1356 1487 1382 τὸ
1510 1356 1586 1390 παρά
1601 1356 1704 1383 τούτων
1719 1357 1865 1392 γινόμενον

1069 1403 1131 1438 δίχα
1142 1402 1190 1429 τοῦ
1207 1402 1421 1437 μητροπολιτου,
1437 1402 1478 1429 ὅτι
1495 1403 1542 1429 καὶ
1565 1403 1592 1429 αι
1613 1402 1701 1437 ψῆφοι
1724 1403 1779 1429 τῶν
1801 1404 1864 1430 ἐπι-

1070 1449 1180 1475 σκόπων
1195 1448 1390 1484 ἀναντίῤῥητοί
1407 1450 1471 1480 εἱσι,
1483 1449 1626 1483 γινόμεναι
1641 1450 1688 1475 καὶ
1703 1449 1789 1475 ταῦτα
1803 1450 1866 1483 δίχα

1069 1494 1116 1521 τοῦ
1135 1494 1339 1529 μητροπολίτου
1353 1501 1360 1508 '
1377 1492 1456 1521 εἷπον
1472 1495 1496 1520 οἱ
1512 1493 1636 1529 Πατέρες
1658 1494 1704 1521 ἐπὶ
1718 1494 1807 1530 ταύτῃ
1830 1496 1865 1530 τῇ

1071 1540 1199 1567 ὑποθέσει
1214 1539 1323 1574 ἐκείνην
1337 1538 1408 1566 εἶναι
1420 1540 1527 1567 τελείαν
1542 1539 1665 1572 σύνοδον,
1681 1540 1733 1575 τὴν
1744 1540 1864 1575 ἔχουσαν

1071 1585 1291 1619 παρουσιάζοντα
1317 1585 1364 1611 καὶ
1387 1585 1433 1611 τὺν
1461 1585 1684 1620 μητροπολίτην·
1709 1586 1739 1612 τδ
1760 1586 1790 1612 δὲ
1814 1587 1866 1621 τῆς

1069 1631 1160 1667 ψήφου
1184 1631 1268 1658 ὶδικόν
1293 1632 1364 1664 ἐστι,
1383 1631 1431 1658 καὶ
1458 1632 1493 1658 τὰ
1516 1631 1589 1658 lanci
1605 1631 1654 1666 οὺχ
1675 1631 1802 1659 ἕλκονται
1827 1634 1868 1664 εις

1070 1677 1235 1711 ὑπόδειγμα.
1253 1677 1336 1703 Ὥστε
1355 1677 1510 1711 σημείωσαι
1529 1678 1583 1704 ἀπὸ
1596 1677 1642 1704 τοῦ
1659 1678 1793 1713 παρόντος
1810 1687 1864 1705 κα-

1069 1723 1143 1754 νόνος
1159 1723 1198 1748 ὃτι
1213 1722 1320 1756 ἐφεῖται
1346 1722 1416 1757 μετὰ
1442 1722 1586 1757 συνοδικῆς
1613 1723 1789 1757 διαγνώσεως
1812 1734 1868 1751 πα-

1072 1768 1207 1804 ραχωρεῖν
1230 1767 1269 1802 τῷ
1297 1767 1459 1802 σχολάζοντι
1484 1768 1628 1804 ὲπισκόπῳ
1650 1769 1806 1804 ἱερουργεῖν
1827 1773 1870 1803 εἰς

1071 1814 1258 1849 σχολάζουσαν
1270 1815 1431 1850 ἐκκλησίαν,
1449 1815 1589 1850 καθῆσθαι
1603 1816 1632 1843 δὲ
1650 1818 1697 1843 καὶ
1722 1818 1762 1849 εἰς
1784 1819 1871 1845 αὑτὸν

1070 1860 1116 1887 τὸν
1130 1860 1226 1896 θρόνον
1243 1860 1338 1895 αὐτῆς.
1358 1860 1484 1887 Ἤκουσα
1499 1862 1555 1895 γὰρ
1580 1861 1712 1893 πολλάκις
1725 1859 1766 1889 ὅτι
1783 1863 1870 1897 χρεία

1071 1906 1129 1933 ἐστὶ
1141 1906 1210 1942 πρὸς
1233 1907 1312 1933 τοῦτο
1329 1907 1376 1933 καὶ
1400 1906 1545 1942 βασιλικῆς
1570 1908 1761 1942 προστάξεως.
1779 1910 1869 1944 Ἐρωα

1070 1953 1148 1988 τήσει
1165 1953 1191 1979 δέ
1206 1961 1259 1986 τις,
1273 1952 1331 1984 πῶς
1342 1952 1446 1986 ὀφείλει
1460 1953 1591 1988 νοηθῆναι
1604 1954 1634 1980 τὸ
1649 1952 1721 1981 εἶναι
1739 1955 1870 1990 ἀπόϐλη-

1070 2007 1117 2025 τον
1137 1998 1182 2026 τὸν
1195 1997 1282 2030 οὕτως
1296 1998 1463 2032 ἁρπάσαντα
1474 1999 1637 2033 ἐκκλησίαν;
1654 2000 1708 2027 Καί
1722 2009 1794 2032 τινες
1811 2001 1866 2036 μὲν

1071 2043 1149 2072 εἷπον
1163 2044 1387 2079 ὲκλαμὸάνεσθαι
1401 2044 1481 2072 τοῦτο
1504 2045 1545 2077 είς
1567 2045 1724 2081 ἀφορισμόν
1737 2054 1745 2062 '
1761 2048 1827 2082 ἐμοὶ
1839 2047 1870 2075 δι

1071 2089 1145 2122 δοκεῖ
1169 2090 1210 2122 είς
1233 2090 1405 2124 καθαίρεσιν,
1421 2089 1493 2116 κατὰ
1512 2091 1577 2121 τοὺς
1604 2091 1721 2123 κανόνας
1736 2092 1801 2123 τοὺς
1817 2092 1868 2119 λέ-

1071 2143 1172 2170 γοντας
1195 2134 1388 2170 καθαιρεῖσθαι
1421 2136 1487 2166 τοὺς
1518 2136 1585 2171 παρ’
1611 2137 1720 2172 ὲνορίαν
1742 2147 1871 2173 χειροτο-

1072 2181 1197 2213 νοῦντας.
1225 2182 1257 2208 Et
1283 2181 1337 2216 γάρ
1362 2182 1375 2208 6
1398 2182 1441 2216 ἐφ’
1468 2181 1546 2217 ὕϐρει
1575 2183 1623 2209 τοῦ
1652 2184 1785 2219 ἐγχωρίου
1806 2184 1871 2216 ἑνὸς

1073 2227 1225 2263 ἀρχιερέως
1247 2227 1399 2262 ἐνεργήσας
1420 2228 1615 2262 άρχιερατικόν
1631 2236 1658 2254 τι
1674 2229 1850 2264 καθαιρείται
1862 2239 1870 2246 ·

229 2268 297 2291 nant
312 2264 382 2291 ultra
399 2273 463 2293 suas
476 2266 622 2294 dioeceses.
638 2266 668 2294 Si
681 2267 765 2301 enim,
781 2268 828 2303 qui
845 2269 878 2296 ad
891 2269 1014 2303 injuriam

1076 2272 1164 2308 πολλῷ
1180 2273 1260 2299 πλέον
1275 2272 1475 2308 κολασθήσεται
1490 2274 1503 2299 6
1521 2273 1568 2299 ἐπὶ
1593 2273 1669 2309 ὕϐρει
1693 2274 1801 2306 τελείας
1820 2283 1873 2302 συ-

229 2311 312 2338 unius
340 2311 485 2345 antistitis,
514 2312 562 2347 qui
586 2316 629 2340 est
655 2312 683 2340 iit
712 2314 836 2349 regione,
863 2315 1020 2351 episcopale

228 2357 370 2392 quidpiam
386 2358 522 2389 exercuit,
544 2356 715 2393 deponitur:
744 2359 833 2387 multo
861 2361 949 2395 magis
971 2368 1020 2396 pu-

229 2403 331 2436 nietur,
348 2404 397 2438 qui
417 2403 451 2430 ad
472 2403 601 2438 perfectae
625 2404 722 2439 synodi
743 2404 870 2441 injuriam
886 2406 939 2433 tale
953 2407 1018 2442 quid

230 2450 304 2477 fecit.
322 2450 406 2487 M6
429 2450 506 2485 Saepe
524 2451 670 2486 quaesitum
687 2456 741 2486 est,
757 2452 824 2486 Quis
852 2459 894 2482 est
925 2455 948 2482 is
973 2455 1021 2492 qui

228 2502 319 2529 vacat,
337 2501 365 2524 et
381 2504 506 2531 quaenam
522 2497 630 2525 dicatur
646 2506 742 2526 vacare
757 2498 879 2527 Ecclesia
896 2500 907 2527 ‘l
924 2501 964 2527 Ac
988 2501 1022 2529 de

229 2547 346 2570 vacante
372 2543 483 2577 quidem
520 2543 636 2571 ecclesia
664 2544 742 2571 nulla
775 2544 826 2572 fuit
853 2546 989 2574 dubitatio
1012 2553 1021 2574 :

231 2596 328 2616 omnes
343 2589 416 2616 ettim
436 2589 566 2617 dixerunt
586 2598 645 2618 eam
668 2598 729 2619 esse
760 2596 903 2619 vacantem
934 2593 1023 2620 eccle-

231 2635 312 2668 siam,
330 2643 391 2670 qua:
417 2636 541 2663 antistite
567 2637 663 2664 orbata
682 2642 752 2664 est:
776 2638 823 2664 sed
849 2638 882 2665 de
906 2632 1022 2667 vacante

231 2681 356 2709 antistite
367 2682 452 2708 multa
465 2682 517 2709 fuit
525 2683 769 2715 controversia,.et
780 2682 884 2718 placuit
895 2684 1023 2711 omnibus

1072 2319 1150 2346 νόδου
1189 2319 1311 2345 τοιοῦτόν
1348 2327 1375 2345 τι
1406 2319 1534 2354 ποιήσας.
1577 2320 1714 2354 Πολλάκις
1752 2321 1872 2357 συνεζη-

1071 2364 1142 2399 τήθη
1161 2364 1229 2399 (50),
1253 2365 1296 2396 τίς
1318 2364 1393 2391 ἐστιν
1412 2366 1426 2392 ό
1450 2365 1600 2400 σχολάζων,
1614 2368 1662 2393 καὶ⁵
1680 2367 1746 2394 ποία
1763 2367 1839 2394 ἐστὶν
1853 2369 1872 2403 ἡ

1073 2410 1255 2446 σχολάζουσα.
1271 2411 1326 2437 Καὶ
1341 2411 1404 2447 περὶ
1421 2411 1471 2446 μὲν
1488 2412 1538 2446 τῆς
1554 2412 1740 2448 σχολαζούσης
1755 2414 1873 2447 οὐδεμία

1076 2457 1188 2491 γέγονεν
1203 2456 1372 2492 ἀμφιϐολία·
1395 2458 1495 2490 πάντες
1512 2458 1567 2494 γὰρ
1584 2459 1699 2493 διέγνων
1717 2460 1872 2495 σχολάζου-

1078 2511 1126 2528 σαν
1140 2500 1211 2529 εϊναι
1228 2503 1277 2538 τὴν
1294 2502 1469 2537 χηρεύουσαν
1489 2505 1641 2540 ἀρχιερέως
1652 2513 1660 2521 ·
1686 2506 1753 2541 περὶ.
1768 2506 1798 2533 δὲ
1820 2507 1873 2534 τοῦ

1078 2548 1253 2583 σχολάζοντος
1269 2548 1353 2584 ἡρεοε
1368 2550 1435 2576 πᾶσι
1447 2549 1614 2584 σχολάζοντα
1631 2549 1701 2578 εἶναι
1726 2552 1765 2587 μὴ
1790 2551 1873 2580 δυνά-

1079 2602 1158 2629 μενον
1175 2594 1304 2621 ἀπελθεῖν
1328 2595 1368 2626 εὶς
1392 2596 1425 2630 ἣν
1452 2596 1632 2631 ἐπεκηρύχθη
1649 2597 1810 2633 ἐκκλησίαν.
1825 2598 1873 2626 διὰ.

1077 2640 1108 2666 τὸ
1123 2640 1176 2666 ὑπὸ
1191 2640 1276 2668 ὲθνῶν
1292 2641 1308 2676 ἢ
1329 2641 1477 2676 αἱρετικῶν
1493 2643 1597 2678 ταύτην
1614 2644 1789 2679 κατέχεσθαι,
1803 2645 1873 2677 ἴσως

1076 2686 1105 2713 δὲ
1120 2686 1287 2722 κοινωθῆναι
1302 2688 1349 2714 καὶ
1364 2689 1402 2724 μὴ
1422 2691 1647 2726 παραχωρεῖσθαι
1664 2691 1710 2718 τὸν
1736 2693 1872 2727 ἀρχιερέα

853 2741 948 2773 Guiil.
967 2743 1129 2784 Beveregii
1144 2751 1240 2778 notae.

267 2790 323 2825 (50)
332 2790 488 2826 Πολλάκις
503 2790 704 2825 συνεζητήθη.
722 2790 785 2818 Haec
794 2799 881 2826 usque
896 2792 930 2819 ad
943 2792 1022 2820 ﬁnem

231 2825 317 2862 hujus
330 2825 501 2862 Balsamonis
517 2826 545 2862 in
569 2827 641 2853 hunc
653 2834 788 2854 canonem
810 2825 1017 2862 interpretatio-

233 2860 275 2898 nis_
291 2868 342 2898 ms.
357 2864 462 2898 nostro
475 2860 624 2898 Bodleiano
641 2866 753 2896 accepta
779 2860 907 2890 releras:
925 2871 1015 2898 neque

232 2895 306 2922 enim
322 2896 349 2922 in
375 2896 526 2924 Parisiensi
541 2897 661 2925 editione
674 2895 801 2932 chtant;
823 2898 876 2925 nisi
894 2895 1012 2933 qttod‘in

1077 2798 1269 2832 supplemento
1287 2799 1382 2827 Latina
1399 2806 1494 2827 eorum
1511 2800 1602 2829 versio
1616 2809 1631 2828 a
1648 2801 1784 2830 Gentiano
1799 2803 1872 2830 Hcr~

1079 2837 1140 2859 veto
1169 2834 1311 2862 elaborata
1344 2835 1490 2862 habeatur.
1507 2836 1560 2863 Sed
1591 2838 1617 2863 in
1646 2838 1873 2868 Amerbachiano

1075 2868 1181 2902 codice,
1197 2877 1350 2908 non_secus
1365 2876 1446 2906 atque
1462 2871 1490 2900 in
1511 2877 1617 2907 nostro,
1631 2873 1768 2908 leguntur.
