4052 6412
401 329 534 396 1325

472 467 491 500 ι
527 448 606 508 είς
635 444 701 517 ἣν
737 443 1120 516 ἐχειροτονήθη
1148 443 1465 505 ἐπίσκοπος,
1486 439 1546 493 οὐ
1586 437 1674 490 διὰ
1701 435 1798 506 τὴν
1830 436 1954 487 ἐαυ-
1985 439 2028 495 Δ

471 557 490 590 ι
528 538 621 590 τοῦ
661 535 861 598 αἰτίαν,
887 534 1004 586 ἀλλ’
1045 532 1274 603 ἡτοιδιά
1316 533 1420 602 τὴν
1466 529 1562 582 τοῦ
1604 527 1734 581 λαοῦ
1767 525 1964 596 παραί-

471 645 491 680 ι
526 626 759 698 τησιν,ῆ
790 623 857 676 δι’
887 623 1082 692 ἑτέραν
1113 621 1296 674 αἰτίαν
1334 623 1435 672 οὐκ
1468 618 1526 683 ἐξ
1553 614 1718 670 αὑτοῦ
1743 613 1971 681 γενομέ-

472 735 491 768 ι
531 733 628 784 νην
659 730 674 744 ·
692 714 877 767 τοῦτον
910 712 1154 780 μετέχειν
1174 710 1273 779 τῆς
1299 709 1466 776 τιμῆς
1485 707 1578 758 καὶ
1610 707 1708 774 τῆς
1732 702 1971 770 λειτουρ·

473 824 492 857 ι
529 805 671 874 γίας,
717 806 875 873 μόνον
901 801 1064 873 μηδὲν
1089 799 1524 870 παρενοχλοῦντα
1545 798 1656 856 τοῖς
1679 795 1971 864 πράγμασι

471 914 491 948 ι
529 897 625 964 τῆς
658 895 972 966 ἐκκλησίας,
1005 893 1132 946 ἔνθα
1161 891 1225 945 ἂν
1282 891 1586 958 συνάγοιτο.
1624 884 1971 956 Ἐκδέχεσθαι

472 1006 491 1039 ι
523 988 579 1041 δέ
604 987 811 1050 τοῦτον,
848 987 874 1039 δ
907 987 973 1040 ἂν
1005 989 1036 1056 ἡ
1063 987 1161 1055 τῆς
1191 985 1460 1054 ἐπαρχίας
1519 980 1703 1033 τελεία
1753 977 1970 1040 σύνοδος

478 1098 496 1130 ι
533 1080 764 1148 κρίνασα
787 1079 847 1131 τὸ
878 1078 1284 1148 παριστάμενον
1314 1075 1528 1145 ὁρίσῃ.)

469 1172 668 1227 ΒΑΛΣ.
727 1172 809 1224 Ἐν
837 1171 933 1241 μὲν
963 1171 1041 1240 τῷ
1075 1172 1139 1234 ιζ’
1162 1169 1349 1221 κανόνι
1423 1165 1744 1229 κολάζουσιν
1776 1162 1825 1215 οί
1857 1162 1971 1214 Πα-

397 1265 552 1332 τέρες
585 1267 676 1317 τὸν
719 1264 1170 1332 χειροτονηθέντα
1202 1265 1294 1314 καὶ
1325 1260 1397 1330 μὴ
1466 1259 1783 1327 πειθόμενον
1808 1254 1973 1306 ἀπελ-

399 1355 513 1409 θεῖν
541 1361 619 1420 εῐς
647 1358 745 1426 τὴν
776 1356 1049 1426 λαχοῦσαν
1078 1356 1241 1408 αὐτόν
1273 1371 1286 1384 ·
1313 1357 1371 1406 ἐν
1401 1353 1458 1404 δέ
1485 1353 1564 1420 τῷ
1592 1351 1814 1419 παρόντι
1840 1363 1970 1414 συγο

397 1449 620 1520 γνώμης
681 1449 891 1513 ἀξιοῦσι
953 1449 1044 1500 τὸν
1109 1444 1554 1516 χειροτονηθέντα
1599 1442 1694 1495 καὶ
1752 1440 1972 1492 θέλοντα

403 1543 504 1612 μὲν
536 1542 797 1595 ἀπελθεῖν
819 1545 898 1603 είς
949 1541 1017 1610 ἢν
1077 1538 1460 1609 ἐχειροτονήθη
1512 1535 1828 1605 παροικίαν,
1895 1531 1970 1601 μὴ

400 1637 907 1706 παραχωρούμενον
939 1633 996 1686 δέ
1025 1633 1058 1703 ἢ
1094 1632 1182 1684 διὰ
1224 1632 1322 1701 τὴν
1355 1629 1449 1682 τοῦ
1509 1631 1566 1680 ἐν
1603 1629 1788 1699 ἐκείνη
1839 1623 1970 1676 λαοῦ

400 1726 814 1796 ἀναισχυντίαν,
843 1727 875 1797 ἢ
909 1726 995 1778 διά
1026 1726 1328 1795 ἐπιδρομὴν
1374 1722 1576 1774 ἐθνῶν·
1614 1720 1693 1772 διδ
1737 1719 1973 1772 κα“ιέπι-

404 1819 684 1889 τρέπουσι,
763 1818 896 1889 παρ’
953 1813 1084 1891 ᾖᾶν
1145 1817 1471 1886 εὑρίσκηται
1542 1812 1745 1882 ἐνορίᾳ,
1803 1810 1970 1880 τιμῆς

401 1910 702 1974 ἀξιοῦσθαι,
733 1910 902 1978 ἤγουν
925 1908 1191 1978 καθέδρας
1247 1907 1342 1960 καὶ
1369 1906 1617 1974 κλήσεως
1675 1906 1769 1957 καὶ
1824 1904 1972 1973 ἐνερ-

405 2002 558 2068 γείας
596 1999 1012 2070 ἀρχιερατικῆς,
1051 2001 1187 2067 μετά
1234 2000 1489 2066 εἰδήσεως
1538 1997 1633 2050 καὶ
1669 1995 1972 2065 ἐπιτροπῆς

405 2087 501 2147 τοῦ
549 2095 820 2162 ἐγχωρίου
877 2093 1216 2145 ἐπισκόπουο
1247 2091 1391 2161 πλὴν
1445 2089 1630 2160 μέντοι
1688 2086 1764 2156 μὴ
1825 2085 1971 2155 ἔχειν

405 2184 540 2247 ὅλως
585 2185 877 2253 μετουσίαν
924 2185 1118 2246 ἐντοῖς
1169 2183 1463 2252 πράγμασι
1519 2182 1620 2248 τῆς
1679 2178 1973 2249 ἐκκλησίας

405 2276 622 2344 ἐκείνης
656 2275 782 2328 ἔνθα
836 2279 1100 2339 κατοικεῖ,
1165 2274 1334 2344 ⁴ἤγουν
1405 2274 1480 2344 μὴ
1525 2274 1817 2336 διδάσκειν,
1897 2270 1974 2340 μὴ
2025 2265 2030 2274 ’

406 2370 752 2439 χειροτονεῖν,
786 2369 861 2439 μὴ
921 2367 1108 2438 ἕτερόν
1161 2384 1214 2419 τι
1281 2367 1528 2437 ἐνεργεῖν
1587 2362 1972 2434 ἀρχιερατικὺν

406 2462 575 2532 χωρὶς
631 2460 938 2530 ἐπιτροπῆς
996 2458 1090 2511 τοῦ
1149 2460 1417 2528 ἐγχωρίου
1471 2457 1798 2519 ἐπισκόπου,
1857 2452 1973 2506 ἀλλ’

406 2551 700 2620 ἡσυχάζειν
732 2553 927 2622 μέχρις
964 2551 1029 2604 ἂν
1060 2551 1122 2603 τὸ
1163 2553 1412 2619 ποιητέον
1441 2548 1588 2619 μάθῃ
1622 2547 1731 2600 ἀπὸ
1769 2548 1974 2598 οἰκονο-

409 2645 534 2712 μίας
574 2643 667 2694 καὶ
694 2644 929 2710 κρίσεως
951 2642 1164 2703 τελείας
1191 2641 1433 2695 συνόδου.

479 2735 723 2788 ΖΩΝΔΡ.
767 2732 824 2785 ’0
860 2733 1253 2804 χειροτονηθεὶς
1284 2733 1364 2795 είς
1399 2729 1695 2802 ἐκκλησίαν
1747 2732 1974 2798 πόλεως,

406 2828 504 2877 καὶ
540 2826 615 2895 μὴ
646 2826 893 2894 δυνηθεὶς
911 2827 990 2888 είς
1011 2825 1181 2894 αὐτὴν
1198 2824 1471 2888 ἀπελθεῖν,
1496 2825 1626 2887 ἴσως
1655 2824 1759 2876 ὑπὸ
1793 2824 1977 2886 ἔθνους

409 2918 827 2986 κυριευομένην,
865 2917 899 2986 ἢ
927 2917 1109 2986 χώρας
1129 2917 1192 2967 δι’
1223 2911 1289 2986 ἦς
1318 2916 1532 2968 ὁδεῦσαι
1569 2917 1730 2968 αὑτὸν
1763 2917 1974 2986 ἀνάγκη

410 3009 518 3059 ὑπὸ
556 3007 849 3078 βαρϐάρων
881 3008 1276 3077 κατεχομένης,
1329 3008 1360 3075 ἢ
1427 3007 1523 3058 τοῦ
1575 3006 1704 3058 λαοῦ
1741 3008 1840 3076 τῆς
1875 3009 1975 3058 πό-

405 3099 541 3162 λεως
567 3101 632 3150 δι’
651 3099 876 3161 ἀταξίαν
914 3098 1123 3150 οἰκείαν
1177 3098 1250 3167 μὴ
1277 3098 1569 3168 δεχομένου
1649 3096 1833 3161 αὐτὸν,
1876 3097 1975 3167 τὴν

413 3193 511 3260 μὲν
540 3192 704 3260 τιμὴν
735 3192 833 3259 τὴν
865 3191 1247 3259 προσήκουσαν
1279 3190 1567 3258 ἐπισκόπῳ
1593 3189 1703 3254 ἐξει
1739 3188 1835 3242 καὶ
1869 3191 1968 3257 τὴν

413 3282 795 3352 λειτουργίαν·
831 3281 891 3333 οὐ
942 3282 1048 3350 γὰρ
1113 3281 1284 3344 αἴτιος
1336 3281 1499 3344 αὐτός
1550 3283 1667 3333 ἐστι
1723 3281 1815 3334 τοῦ
1901 3280 1975 3351 μὴ

409 3375 664 3428 ἀπελθεῖν
699 3376 776 3437 είς
807 3375 905 3444 τὴν
931 3371 1204 3443 λαχοῦσαν
1239 3374 1399 3426 αὐτὸν
1459 3372 1754 3444 ἐκκλησίαν
1786 3389 1802 3405 ⁸
1835 3391 1977 3443 παρ-

411 3469 646 3537 ενοχλεῖν
669 3465 726 3520 δέ
760 3467 871 3529 τοῖς
907 3468 1194 3535 πράγμασι
1251 3467 1347 3535 τῆς
1381 3466 1698 3536 ἐκκλησίας,
1751 3466 1878 3519 ἔνθα
1911 3468 1977 3520 ἂν

413 3562 702 3628 συνάγοιτο
724 3561 784 3613 οὐ
811 3565 1242 3631 παραχωρεῖται.
1267 3562 1357 3624 Εἰς
1388 3563 1495 3630 γάρ
1519 3578 1640 3613 τινα
1673 3562 1826 3614 πόλιν
1849 3563 1979 3625 ἴσως

408 3651 792 3721 ἓσταιαύτῷή
828 3652 1110 3717 κατοικία,
1134 3653 1227 3704 καὶ
1268 3651 1418 3721 παρὰ
1469 3654 1534 3721 τῇ
1596 3653 1696 3721 τῆς
1773 3653 1980 3715 πόλεως

408 3742 622 3810 ἐκείνης
646 3727 909 3810 ἐκκλησίᾳ
973 3742 1255 3807 συνάγοιτο
1325 3741 1410 3793 ἄν.
1457 3742 1723 3811 Ἐνοχλεῖν
1745 3743 1838 3796 οὖν
1866 3747 1979 3806 τοῖς

415 3832 707 3901 πράγμασι
739 3830 839 3898 τῆς
883 3830 1177 3895 ἐκκλησίας
1202 3830 1419 3898 ἐκείνης
1443 3831 1542 3882 οὐκ
1573 3832 1789 3894 ἐξέσται
1808 3832 1976 3901 αὐτῷ.

409 3920 534 3973 οὔτε
582 3922 688 3988 γάρ
707 3919 976 3973 διδάσκειν
1003 3920 1225 3972 δύναται
1254 3924 1389 3983 ἐκεῖ,
1444 3921 1568 3972 οὕτε
1631 3926 1976 3990 χειροτονεῖν,

408 4012 531 4065 οὔτε
559 4015 875 4091 ἱερουργεῖν,
902 4014 952 4064 εἰ
985 4013 1058 4082 μὴ
1085 4013 1436 4083 ἐπιτραπείη,
1473 4012 1596 4065 οὔτε
1626 4031 1675 4066 τι
1709 4014 1816 4068 τῶν
1849 4033 1978 4085 ιτρο-

414 4106 581 4156 σόδων
616 4105 1026 4174 σφετερίζεσθαι
1058 4104 1156 4172 τῆς
1182 4105 1477 4173 ἐκκλησίας
1509 4107 1748 4170 ἐκείνης,
1805 4106 1981 4176 Αναρ-

410 4197 576 4266 τῆσαι
633 4197 690 4250 δέ
722 4197 784 4248 τὸ
813 4199 920 4250 πᾶν
958 4197 1165 4264 ὀφείλει
1191 4199 1268 4259 εἰς
1320 4197 1418 4268 τὴν
1449 4199 1630 4264 κρίσιν
1658 4193 1751 4250 καὶ
1773 4201 1980 4252 οίκονοο

415 4293 548 4359 μίαν
580 4292 678 4361 τῆς
706 4291 918 4353 τελείας
952 4291 1191 4356 συνόδου,
1232 4290 1372 4342 ὥστε
1418 4293 1547 4359 παρ’
1597 4291 1809 4358 ἐκείνης
1832 4291 1981 4362 αὐτῷ

413 4383 667 4450 γενέσθαι
691 4383 968 4453 πρόνοιαν.

1364 325 1442 386 L‘I
1481 323 1640 385 CAN.
1675 319 1874 386 XVIII
1908 318 2118 382 CONII.
2160 321 2219 380 ll
2251 318 2606 381 ANTIOCH.

3502 313 3634 380 1326

2172 452 2190 484 ‹
2237 450 2396 504 quam
2418 444 2502 489 est
2522 432 2808 488 ordinatus
2833 431 3147 504 episcOpus,
3165 446 3272 486 non
3301 446 3397 485 sua
3420 431 3636 500 quidem

2148 544 2166 578 ι
2214 527 2396 597 culpa,
2427 525 2526 581 sed
2581 536 2801 595 propter
2841 525 3025 595 populi
3079 525 3501 586 recusationem,
3547 524 3631 578 vel

2149 639 2167 670 ι
2214 620 2448 689 aliquam
2488 619 2649 672 aliam
2691 633 2936 679 causam,
2965 633 3086 685 qua:
3109 632 3138 669 a
3187 633 3244 670 se
3274 632 3378 670 non
3411 618 3587 670 oritur
3617 633 3632 670 :

2150 737 2168 770 ι
2214 719 2260 772 is
2285 719 2358 772 sit
2385 724 2439 771 et
2469 715 2694 769 honoris
2752 723 2805 767 et
2840 713 3085 768 numeris
3130 713 3426 782 particeps,
3475 715 3632 768 dum-

2147 831 2164 862 ι
2213 809 2374 863 modo
2410 808 2610 862 nullam
2663 805 2823 860 rebus
2875 805 3147 866 ecclesiae,
3181 805 3236 859 in
3286 820 3393 871 qua
3438 821 3637 861 conve-

2148 917 2168 951 ι
2216 900 2317 962 nit,
2353 898 2660 952 molestiam
2692 894 2903 948 afferat.
2941 895 2992 948 ιε
3028 902 3208 948 autem
3263 895 3313 948 id
3350 896 3634 964 suscipiat,

2151 1011 2170 1044 ι
2217 991 2362 1062 quod
2393 989 2632 1061 perfecta
2680 987 2968 1056 provincia:
2995 988 3251 1056 synodus,
3285 987 3430 1056 quod
3464 988 3528 1040 ad
3575 1004 3635 1042 se

2149 1104 2168 1136 ε
2216 1084 2436 1138 allatum
2471 1091 2552 1137 est
2579 1080 2899 1151 judicando,
2933 1082 3206 1133 statuerit.
3253 1098 3271 1131 ι

2147 1174 2339 1230 BALS.
2380 1176 2437 1229 ln
2467 1178 2700 1244 septimo
2723 1173 2935 1228 decimo
2955 1173 3181 1242 ‘quidem
3217 1188 3425 1227 canone
3449 1173 3638 1227 Patres

2075 1286 2196 1324 enin
2227 1270 2483 1340 puniunt,
2535 1268 2628 1337 qui
2686 1267 2977 1320 ordinatus
3012 1265 3197 1328 fuerit,
3250 1275 3302 1319 et
3357 1281 3463 1320 non
3512 1282 3638 1336 per-

2075 1362 2334 1416 suadetur
2367 1359 2434 1414 ad
2474 1360 2758 1413 ecclesiam
2793 1357 3088 1427 proficisci,
3117 1372 3236 1426 qua:
3267 1357 3417 1411 illum
3446 1360 3637 1412 sortita

2073 1463 2175 1507 est.
2210 1451 2268 1506 In
2297 1452 2549 1522 prmsenti
2580 1459 2760 1504 autent
2788 1465 2998 1504 canone
3030 1451 3077 1503 ei
3124 1451 3255 1503 dant
3287 1451 3522 1514 veniam,
3547 1453 3637 1520 qni

2075 1541 2359 1596 ordinatus
2389 1551 2491 1605 est,
2528 1553 2582 1596 et
2608 1544 2720 1594 vult
2769 1541 2987 1610 quidem
3039 1543 3104 1594 ad
3162 1557 3307 1605 earn,
3357 1541 3426 1594 ad
3475 1556 3637 1611 quam

2073 1636 2364 1690 ordinatus
2408 1644 2511 1699 est,
2555 1634 2849 1704 par-(eciam
2905 1633 3214 1704 proficisci,
3271 1650 3379 1688 non
3431 1635 3640 1708 _sinitur

2078 1737 2283 1791 autem,
2319 1728 2402 1781 vel
2437 1737 2660 1796 propter
2691 1728 2875 1796 populi
2925 1727 3338 1795 impudentiam,
3391 1731 3471 1782 vel
3515 1744 3640 1796 pro-

2078 1831 2193 1890 pter
2219 1823 2465 1890 gentium
2499 1819 2868 1873 incursionem
2905 1835 2918 1872 :
2958 1827 3011 1873 et
3043 1818 3164 1872 ideo
3200 1819 3546 1887 permittunt,
3579 1829 3639 1872 ut

2073 1914 2126 1966 in
2156 1928 2263 1983 qua
2293 1912 2570 1965 invenitur
2601 1911 2908 1980 provincia,
2940 1915 3146 1964 honore
3195 1911 3391 1980 dignus
3437 1913 3638 1966 habea~

2073 2013 2199 2069 tur;
2237 2002 2497 2058 cathedra
2524 2003 2738 2056 scilicet
2775 2012 2830 2056 et
2877 2003 3165 2057 vocatione
3211 2015 3264 2058 et
3312 2005 3638 2074 episc0palis

2073 2096 2238 2150 cilicii
2274 2094 2557 2160 exercitio,
2583 2109 2704 2146 cuni
2757 2093 2985 2148 scientia
3029 2104 3080 2148 et
3131 2096 3490 2164 pcrmissione
3522 2097 3639 2165 epi-

2074 2187 2225 2257 scopi
2264 2187 2411 2241 illius
2443 2186 2715 2256 regionis;
2750 2199 2850 2239 nec
2884 2195 3065 2239 tamen
3097 2200 3159 2240 se
3179 2187 3405 2240 omnino
3431 2187 3642 2256 ingerat

2075 2277 2306 2346 negotiis
2337 2277 2484 2331 illius
2535 2277 2803 2339 ecclesiae,
2843 2279 2896 2330 in
2933 2291 3040 2345 qua
3078 2277 3305 2342 habitat,
3333 2277 3545 2331 scilicet
3571 2293 3639 2330 ne

2074 2371 2288 2435 doceat,
2325 2387 2388 2424 ne
2421 2369 2658 2431 ordinet,
2689 2385 2866 2444 neque
2915 2369 3118 2437 aliquid
3164 2369 3309 2424 aliud
3361 2371 3641 2439 epicopale

2075 2473 2351 2522 exerceat,
2380 2462 2496 2515 sine
2527 2461 2679 2515 illius
2703 2461 2942 2527 regionis
2969 2461 3212 2529 episcopi
3243 2462 3639 2529 perinissione;

2075 2553 2169 2607 sed
2209 2553 2483 2622 quiescat,
2515 2553 2688 2605 donec
2720 2553 2848 2620 quid
2903 2553 2975 2605 sit
3016 2553 3284 2620 agendum
3321 2552 3572 2606 didicerit
3610 2570 3638 2604 a

2078 2645 2331 2714 perfecta:
2359 2646 2550 2715 synodi
2589 2647 2882 2702 sententia.

2151 2737 2403 2793 ZONAR.
2441 2739 2769 2808 Quicunque
2830 2739 3118 2793 ordinatus
3165 2751 3267 2805 est,
3303 2750 3360 2792 ut
3403 2742 3648 2795 ecclesia:

2082 2833 2232 2886 urbis
2263 2831 2498 2899 alicujus
2535 2834 2737 2899 praesit,
2793 2838 2846 2884 et
2895 2830 2960 2884 ad
3017 2845 3137 2884 eam
3177 2832 3258 2884 vel
3319 2833 3446 2901 quia
3511 2833 3648 2886 forte

2080 2924 2423 2976 ethnicorum
2467 2922 2663 2973 ditioni
2715 2921 2957 2990 subjecta
3001 2923 3093 2984 sit,
3119 2924 3202 2976 vel
3251 2923 3398 2990 quod
3452 2924 3647 2976 itinera

2081 3030 2108 3066 a
2144 3014 2396 3067 Barbaris
2425 3013 2803 3077 obsideantur,
2864 3015 2944 3066 vel
3001 3016 3146 3082 quod
3207 3031 3234 3067 a
3276 3017 3478 3085 populo
3529 3016 3649 3085 ejus

2081 3105 2234 3158 urbis
2266 3104 2590 3156 insolentius
2628 3103 2897 3172 pervicaci
2921 3119 3028 3156 non
3051 3103 3394 3168 admittatur,
3425 3105 3646 3160 nt'iniine

2081 3196 2351 3266 proficisci
2381 3196 2638 3265 potuerit,
2684 3194 3110 3263 dignitatemille
3129 3196 3344 3263 quidem
3379 3197 3646 3266 episcopi,

2081 3286 2422 3355 litnrgizeque
2453 3284 2767 3338 exercenda:
2819 3283 3158 3347 facultatem,
3201 3286 3469 3340 obtinebit
3523 3286 3645 3355 (nec

2081 3377 2225 3430 enim
2279 3393 2370 3444 per
2430 3376 2608 3445 ipsum
2653 3376 2854 3429 factum
2910 3385 3015 3440 est,
3051 3387 3108 3428 nt
3159 3377 3228 3429 ab
3255 3377 3524 3442 ecclesiae,
3557 3382 3646 3432 cui

2080 3470 2387 3525 destinatus
2404 3480 2486 3523 est
2514 3471 2747 3523 statione
2768 3469 2972 3523 diutius
2997 3469 3257 3536 abesset),
3273 3467 3439 3539 448
3461 3486 3645 3523 verum

2083 3579 2150 3618 ne
2177 3579 2236 3616 se
2268 3562 2414 3616 illius
2444 3561 2718 3623 Ecclesiae,
2747 3563 2798 3614 in
2831 3577 2935 3630 qua
2987 3561 3151 3627 degit,
3189 3561 3420 3627 negotiis
3463 3561 3643 3613 inuni-

2062 3666 2250 3716 .sceat,
2303 3653 2674 3706 interdictum.
2736 3651 2829 3702 Est
2875 3651 3020 3703 enim
3077 3650 3150 3702 illi
3213 3648 3352 3702 forte
3407 3650 3458 3702 in
3511 3651 3645 3704 urhe

2081 3749 2259 3814 aliqua
2296 3743 2656 3806 domicilium,
2686 3756 2923 3807 suosque
2953 3740 3006 3792 in
3042 3740 3186 3792 illius
3228 3740 3378 3792 urbis
3410 3740 3643 3793 ecclesia

2082 3846 2385 3891 conventus
2431 3835 2561 3904 agit.
2608 3833 2739 3901 Ejus
2797 3833 2957 3901 igitur
3009 3831 3254 3884 ecclesia:
3299 3831 3642 3899 negotiorum

2081 3937 2287 3998 partem
2353 3928 2591 3995 aliquam
2642 3925 2910 3993 attingere
2965 3922 3169 3975 homini
3223 3923 3361 3975 haud
3438 3921 3644 3975 licebit.

2079 4021 2268 4090 Neque
2319 4019 2462 4071 enim
2517 4017 2572 4070 in
2627 4031 2688 4073 ea
2745 4016 2998 4080 docendi,
3039 4030 3216 4084 neque
3254 4017 3464 4068 ordinis
3511 4031 3646 4068 con-

2082 4109 2312 4173 ferendi,
2345 4123 2520 4177 neque
2564 4122 2719 4162 sacra
2769 4106 3030 4170 faciendi,
3075 4108 3180 4160 nisi
3217 4107 3340 4175 ejus
3384 4108 3461 4159 rei
3511 4121 3646 4160 con-

2082 4217 2236 4257 cessa
2281 4201 2562 4265 facultate,
2599 4216 2773 4268 neque
2801 4215 2930 4253 vero
2965 4200 3166 4268 aliquid
3200 4215 3264 4252 ex
3291 4200 3437 4255 illius
3471 4203 3648 4255 eccle-

2083 4294 2177 4348 sia:
2209 4293 2474 4347 reditibus
2527 4293 2580 4344 in
2616 4306 2747 4345 suos
2793 4307 2932 4361 usus
2986 4291 3347 4346 transferendi
3403 4302 3648 4360 potestas

2083 4386 2209 4439 erit.
2253 4383 2519 4437 Universa
2549 4397 2714 4453 porro
2744 4381 2812 4434 ab
2844 4382 2936 4433 illo
2972 4381 3224 4451 perfecte
3268 4383 3458 4450 synodi
3499 4383 3648 4451 judi-

412 4475 500 4529 cio
553 4475 893 4545 consilioque
943 4475 1180 4544 permitti
1244 4475 1420 4540 decet,
1489 4483 1549 4528 ut
1599 4475 1743 4546 quod
1802 4477 1974 4547 ipsius
2016 4477 2324 4532 rationibus
2379 4475 2614 4529 maxime
2681 4483 3051 4543 Opportunum
3147 4474 3262 4528 fore
3353 4475 3646 4529 videbitur.

412 4575 635 4622 statuat.

412 4662 637 4718 ΔΡΙΣΤ.
665 4681 683 4713 ι
717 4663 1006 4732 Μετεχέτω
1033 4666 1131 4732 τῆς
1155 4665 1318 4732 τιμῆς
1337 4664 1630 4727 ἐπίσκοπος
1679 4667 1708 4715 ὁ
1743 4682 1977 4734 χειροτο-

2089 4661 2318 4718 ARIST.
2358 4681 2375 4713 ι
2419 4661 2726 4732 Episcopus
2770 4661 3055 4714 ordinatus
3100 4673 3154 4713 et
3199 4676 3230 4715 a
3269 4662 3491 4717 civitate
3541 4681 3648 4719 non

491 4775 510 4807 ι
546 4753 750 4823 νηθεὶς,
783 4755 873 4806 καὶ
931 4756 1195 4824 μηδαμῶς
1223 4757 1506 4825 δεχόμενος
1535 4755 1682 4822 παρά
1732 4756 1829 4824 τῆς
1885 4755 1980 4808 πό-

491 4866 509 4900 ι
543 4846 680 4908 λεως
721 4847 837 4898 ’καὶ
883 4845 1267 4929 λειτουργείτω
1298 4847 1479 4915 μόνον,
1515 4846 1801 4915 ἀναμένων
1859 4848 1886 4898 ὃ
1926 4865 1979 4900 τι

493 4960 511 4993 ι
554 4940 619 4993 ἂν
651 4940 684 5008 ἡ
714 4941 814 5006 τῆς
847 4939 1113 5008 ἐπαρχίας
1145 4941 1502 5007 ἀποφαίνοιτο
1530 4938 1796 5002 σύνοδος.»

502 5033 560 5088 Ὀ
592 5033 667 5103 μὴ
693 5032 823 5102 παρ’
853 5031 1030 5082 αίτίαν
1058 5031 1192 5082 ἰδίαν
1227 5032 1379 5100 παρὰ
1409 5031 1758 5101 τῆςπόλεως
1809 5046 1979 5099 προσο

417 5126 622 5198 δεχθεὶς
669 5127 725 5177 ἐν
816 5123 1214 5192 ἐχειροτονήθη,
1251 5123 1384 5174 ἀλλὰ
1419 5123 1569 5192 παρὰ
1608 5122 1706 5191 τὴν
1733 5119 1824 5172 τοῦ
1850 5119 1978 5172 λαοῦ

424 5214 727 5286 μοχθηρίαν
757 5229 772 5244 ·
809 5214 902 5266 καὶ
930 5214 1026 5282 τῆς
1052 5211 1221 5280 τιμῆς
1253 5213 1492 5282 μετέχει,
1524 5212 1619 5265 καὶ
1645 5211 1979 5279 λειτουργεῖν

418 5307 480 5359 ού
511 5304 835 5359 κεκώλυται.
901 5304 1132 5373 Ὀφείλει
1165 5303 1220 5355 δέ
1255 5305 1706 5374 προσκαρτερεῖν,
1762 5303 1854 5353 καὶ
1901 5301 1976 5371 μή

418 5415 522 5451 τινι
556 5398 920 5467 στρατιωτικῇ
956 5395 1176 5466 βοηθείᾳ
1216 5395 1548 5466 χρήσασθαι,
1597 5395 1631 5448 ἢ
1692 5393 1980 5463 δυναστεία

2161 4773 2180 4804 ι
2231 4762 2491 4822 acceptus
2531 4752 2742 4805 honore
2794 4750 3025 4814 fruatur,
3080 4758 3132 4803 et
3191 4766 3390 4805 inunus
3440 4762 3649 4809 tantum

2163 4864 2180 4897 ι
2229 4844 2424 4908 obeat,
2482 4852 2808 4911 exspectans
2861 4841 2991 4911 quid
3063 4843 3358 4910 provincia:
3409 4847 3650 4913 synodus

2163 4952 2180 4984 ι
2229 4932 2689 5003 pronuntiaverit.
2729 4951 2748 4982 ι

2157 5026 2262 5091 Qui
2292 5039 2401 5079 non
2431 5037 2586 5079 suam
2622 5023 2693 5076 ob
2723 5037 2945 5076 causam
2992 5040 3020 5076 a
3071 5024 3293 5078 civitate
3343 5025 3649 5078 admittitur

2087 5120 2140 5174 in
2177 5131 2341 5186 quam
2374 5116 2660 5169 ordinatus
2689 5113 2812 5175 fuit,
2847 5114 2941 5168 sed
2974 5123 3195 5184 propter
3226 5117 3409 5184 papuli
3441 5116 3648 5184 impro-

2088 5211 2312 5264 bitatem
2338 5225 2353 5262 :
2381 5217 2435 5262 et
2460 5206 2685 5275 honoris
2721 5205 2992 5276 particeps
3021 5218 3124 5271 est,
3169 5214 3224 5261 et
3273 5221 3429 5261 sacra
3467 5206 3648 5260 facere

2087 5317 2193 5356 non
2223 5299 2565 5369 prohibetur.
2601 5296 2770 5352 Debet
2797 5307 2980 5352 autent
3013 5300 3290 5368 patienter
3318 5313 3561 5361 manere,
3593 5309 3648 5351 et

2088 5409 2196 5447 non
2233 5391 2452 5446 militari
2477 5389 2662 5461 aliquo
2693 5392 2770 5444 uti
2820 5390 3024 5445 auxilio
3068 5397 3162 5444 aut
3195 5389 3299 5442 alia
3353 5396 3644 5459 potestate,

1642 5562 1830 5625 Guill.
1868 5561 2192 5640 Beveregii
2230 5569 2416 5623 noue.

423 5713 632 5784 Magna:
683 5713 931 5768 Ecclesia:
986 5711 1712 5777 Consumtinopolitauorum,
1743 5713 1805 5764 ab
1856 5712 1973 5764 nni-

425 5783 574 5840 ceria
606 5785 840 5841 Ecclesia
875 5786 1150 5850 qua’situs,
1195 5794 1244 5838 ει
1300 5785 1364 5837 ab
1404 5794 1720 5853 imperatore
1762 5783 1974 5837 domino

2080 5707 2581 5834 JoaigzierComneuo
2613 5707 2808 5763 electus
2856 5720 3027 5761 mense
3058 5706 3221 5772 Maio,
3250 5705 3532 5760 indictione
3564 5705 3646 5767 l2,

2085 5796 2175 5834 an.
2315 5788 2370 5834 Δ.

2085 5796 2175 5834 an.
2206 5788 2370 5834 6642.
