4052 6466
438 382 567 449 1331

431 515 665 573 namque
691 504 807 561 dies
832 505 1099 578 cujusque
1132 510 1336 565 mensis
1362 511 1416 565 in
1454 519 1566 567 tres
1597 510 1816 565 ordines
1856 510 1997 564 divi-

2114 507 2205 578 μὲν
2264 507 2487 578 πρώτας
2555 511 2787 565 ἐκάλουν
2869 513 3137 576 καλάνδας
3163 531 3177 545 ·

429 591 674 675 deba‘ut;
728 612 793 651 ac
850 598 1023 667 primo
1070 599 1292 670 quidem
1344 600 1601 657 calendas
1650 604 1992 669 statuebant;

435 687 525 755 qui
569 702 664 742 eas
686 700 1174 759 consequerentur,
1226 692 1385 749 idus:
1437 703 1740 765 postremos
1781 697 1997 751 demum

433 768 1001 848 nonas'appellahant.
1050 784 1259 838 Asolis
1312 795 1491 840 autem
1543 787 1837 861 episcopis,
1891 804 1997 842 nou

434 867 681 923 adhibito
730 871 998 943 cujusque
1024 877 1317 944 provinciae
1366 878 1806 946 metropolitano,
1834 894 1997 949 syno-

430 957 559 1011 dum
592 960 777 1016 haberi
808 979 984 1020 canon
1024 974 1192 1021 vetat.
1470 976 1477 981 ’

431 1049 659 1106 ARIST.
700 1069 722 1105 ι
764 1055 993 1126 Propter
1048 1058 1447 1115 ecclesiasticas
1501 1061 1857 1118 necessitates
1914 1062 1999 1117 bis

508 1159 529 1193 ι
571 1147 863 1212 quotannis
905 1149 957 1202 in
1007 1165 1335 1221 unaquaque
1368 1153 1648 1222 provincia
1697 1153 2001 1209 celebretur

514 1251 532 1283 ι
576 1238 852 1307 synodus;
896 1252 1085 1310 quarta
1135 1240 1485 1299 Peutecostes
1543 1245 1899 1312 hebdomade,
1948 1252 2000 1300 et

509 1344 528 1376 ‹
572 1328 783 1384 decima
820 1331 907 1387 die
955 1332 1378 1405 Hyperbcretaei.
1414 1356 1433 1389 ι

504 1416 773 1475 Scribitur
802 1434 856 1478 et
907 1424 961 1478 iu
1038 1428 1319 1482 tricesimo
1359 1433 1593 1500 septimo
1634 1446 1844 1486 canone
1868 1446 2000 1503 apo-

430 1511 641 1577 stolico,
671 1513 817 1583 quod
868 1518 1214 1573 contrahitur
1267 1521 1424 1585 illud,
1485 1522 1568 1578 bis
1610 1525 1901 1592 quotannis
1946 1528 1999 1580 iu

431 1618 759 1675 unaquaque
790 1611 1067 1679 provincia
1097 1613 1281 1668 haberi
1309 1617 1597 1687 synodum.
1623 1616 1690 1671 Et
1722 1617 1999 1673 decretum

433 1693 537 1750 l'ult
568 1698 636 1751 ab
665 1706 859 1754 octavo
889 1712 1056 1758 sextae
1090 1704 1141 1759 in
1176 1705 1367 1762 Trullo
1386 1708 1579 1781 synodi
1618 1725 1851 1775 canone,
1890 1720 1946 1765 et
1971 1725 2001 1765 a

434 1796 583 1845 sexto
614 1794 804 1862 syuodi
831 1792 1061 1852 Nicaeum
1099 1801 1353 1856 secunda:
1396 1817 1605 1858 canone
1635 1804 1802 1858 semel
1834 1814 1997 1873 quot-

1683 398 1786 456 TH
1796 396 1959 463 EOD.
1994 396 2221 456 BALSA
2232 397 2390 457 ΜοΝ

3541 405 3688 467 1332

3229 518 3351 581 ταῖς
3418 517 3475 570 δὲ
3551 521 3685 587 μετ’

2102 603 2320 668 ἐκείνας
2336 603 2498 668 εἰδοῖς
2543 598 2676 674 ἦνή
2747 603 2938 673 κλῆσις
2965 620 2980 634 ·
3021 607 3143 669 ταῖς
3207 607 3265 660 δὲ
3336 608 3685 677 τελευταίαις

2101 696 2304 751 νόνναι.
2369 697 2445 749 Οὐ
2506 699 2830 767 παραχωρεῖ
2884 697 2941 750 δὲ
2980 698 3008 751 ό
3072 699 3254 753 κανὼν
3299 702 3497 770 μόνους
3547 706 3683 770 τοὺς

2099 786 2435 849 ἐπισκόπους
2454 789 2710 858 συνιστᾷν
2738 787 2981 852 σύνοδον,
3010 789 3086 860 μὴ
3126 791 3396 859 παρόντος
3443 792 3537 846 τοῦ
3571 812 3683 865 μη·
3740 798 3747 828 ⁵

2098 878 2415 948 τροπολίτου
2453 881 2554 951 τῆς
2601 881 2894 951 ἐπαρχίας.

2098 1057 2323 1112 ΑΡΙΣΤ.
2363 1077 2383 1111 r
2418 1059 2520 1113 Διά
2558 1059 2657 1123 τὰς
2706 1060 3169 1130 ἐκκλησιαστικὰς
3216 1061 3407 1131 χρείας
3449 1062 3531 1125 δὶς
3578 1064 3682 1117 τοῦ

2176 1167 2198 1201 ι
2241 1149 2396 1210 ἑτους
2427 1150 2669 1219 γενέσθω
2691 1152 2909 1214 σύνοδος
2942 1150 3064 1203 καθ’
3106 1151 3346 1219 ἑκάστην
3371 1153 3679 1223 ἐπαρχίαν,

2176 1258 2197 1293 r
2239 1245 2306 1312 τῇ
2339 1245 2576 1312 τετάρτη
2626 1242 2883 1311 ἐΰδομάδι
2913 1243 3014 1309 τῆς
3052 1243 3441 1313 Πεντηκοστῆς
3486 1244 3581 1297 καὶ
3606 1248 3681 1316 τῇ

2183 1353 2202 1386 ι
2240 1335 2442 1407 δεκάτῃ
2466 1337 2648 1406 ἡμέρᾳ
2690 1324 3171 1407 Ὑπὲρῦερεταίου.
3208 1355 3225 1386 ι

2188 1429 2438 1497 Ἐγράςρη
2469 1430 2563 1481 καὶ
2585 1432 2642 1482 ἑν
2669 1429 2745 1497 τῷ
2810 1428 2886 1493 λζ’
2958 1428 3302 1498 ἀποστολικῷ
3362 1430 3545 1483 κανόνι
3600 1431 3686 1493 ὡς

2104 1521 2410 1591 συνεστάλη
2440 1521 2502 1573 τὸ
2540 1521 2622 1584 δὶς
2649 1520 2744 1573 τοῦ
2773 1521 2927 1584 ἔτους
2972 1520 3096 1575 καθ’
3131 1521 3373 1592 ἑκάστην
3408 1522 3683 1592 ἐπαρχίαν

2104 1615 2325 1669 σύνοδον
2351 1613 2601 1683 γίνεσθαι
2626 1630 2639 1644 ⁸
2671 1615 2766 1667 καὶ
2823 1614 3031 1687 ὡρίσθη
3066 1616 3219 1686 παρά
3271 1631 3332 1668 τε
3361 1613 3457 1668 τοῦ
3486 1616 3682 1682 ὀγδόου

2105 1707 2329 1770 κανόνος
2368 1708 2466 1777 τῆς
2480 1707 2538 1759 ἐν
2557 1705 2635 1776 τῷ
2662 1706 2918 1777 Τρούλλῳ
2949 1706 3114 1777 ἑκτης
3140 1708 3361 1760 συνόδου
3408 1709 3504 1760 καὶ
3583 1709 3684 1760 τοῦ

2104 1799 2265 1852 ἓκτου
2298 1799 2522 1861 κανόνος
2552 1798 2652 1867 τῆς
2685 1800 2742 1851 ἐν
2787 1798 2834 1851 Ν
2843 1800 2994 1867 ικαίᾳ
3026 1801 3243 1853 συνόδου
3300 1800 3362 1852 τὸ
3410 1798 3684 1869 δεύτερον,

434 1880 591 1935 annis
640 1883 1024 1953 episcoporum
1063 1889 1330 1961 cuiusque
1382 1897 1676 1964 provinciae
1717 1896 1830 1951 ﬁeri
1867 1912 1999 1951 con-

2114 1891 2257 1956 Ξιπαξ
2275 1890 2371 1944 τοῦ
2401 1891 2651 1943 ἐνιαυτοῦ
2676 1891 2785 1942 τῶν
2839 1892 3155 1945 ἐπισκόπων
3219 1891 3457 1959 ἑκάστης
3507 1890 3686 1959 ἐπαρ-

435 1983 674 2038 ventum,
724 1977 866 2032 inter
918 1979 1121 2051 Pascha
1174 1994 1229 2038 et
1272 2002 1515 2043 mensem
1572 1987 1883 2051 Octobrem,
1946 2000 2008 2044 et

433 2066 726 2124 canonicas
755 2071 824 2124 ab
848 2071 929 2128 eis
967 2074 1101 2131 solvi
1131 2080 1480 2137 quaestiones.

921 2242 1088 2318 450
1109 2249 1338 2305 cauos
1363 2253 1503 2312 XXI.

442 2343 460 2375 ι
505 2325 814 2401 EpiscOpus
841 2337 909 2391 ab
938 2342 1039 2395 alia
1068 2346 1304 2412 paron-ia
1337 2348 1390 2401 in
1435 2350 1596 2404 aliam
1636 2368 1704 2406 ne
1735 2361 2000 2414 transeat.

513 2436 531 2470 ς
582 2436 680 2477 nec
708 2438 806 2479 sua
840 2442 900 2483 se
926 2445 1124 2502 sponte
1177 2437 1456 2507 ingerens,
1491 2456 1590 2495 nec
1638 2458 1666 2495 a
1707 2446 1919 2513 populis
1951 2446 2002 2499 vi

510 2528 530 2562 ι
572 2513 820 2585 adactus,
868 2537 968 2577 nec
1023 2525 1092 2579 ab
1145 2529 1416 2600 episcopis
1473 2546 1742 2592 coactus:
1788 2546 2003 2593 maneat

510 2620 530 2655 ι
574 2616 756 2665 autem
788 2609 841 2667 in
872 2629 958 2679 ea,
997 2616 1051 2670 in
1082 2634 1246 2688 quam
1299 2625 1371 2679 ab
1422 2625 1582 2684 initio
1631 2637 1858 2685 vocatus
1894 2641 2001 2696 est,

514 2715 533 2749 ι
579 2706 836 2770 ecclesia,
868 2719 925 2764 et
953 2712 1022 2767 ab
1050 2727 1115 2768 ea
1151 2730 1257 2770 non
1292 2717 1535 2783 recedat,
1576 2722 1877 2777 secundum
1906 2722 2004 2779 de-

512 2810 532 2845 r
577 2806 786 2852 cretum
818 2801 971 2871 prius
998 2804 1065 2859 de
1098 2820 1161 2861 ea
1192 2822 1253 2862 re
1283 2808 1511 2866 editum.
1556 2828 1575 2863 ι

505 2971 705 3033 BALS.
734 2978 927 3046 Quaere
963 2996 1227 3041 canonem
1273 2987 1632 3057 apostolicum
1664 2989 1752 3057 16,
1810 3000 1865 3048 et
1911 3009 2002 3066 sy-

438 3067 561 3121 1odi
595 3071 785 3140 prima:
811 3088 1076 3135 canonem
1114 3080 1203 3135 15.

506 3160 760 3221 ZONAR.
796 3166 949 3223 Multi
980 3170 1047 3225 de
1076 3170 1182 3227 bac
1231 3189 1452 3245 quoque
1503 3192 1563 3231 re
1595 3193 1836 3236 canones
1880 3197 2005 3252 pro-

437 3255 660 3326 mulgati
693 3260 864 3315 luere.
900 3261 1046 3318 ldem
1079 3280 1316 3336 namque
1343 3278 1398 3323 et
1456 3271 1758 3339 apostolico
1796 3272 2008 3329 decimo

440 3362 636 3420 quarto
692 3363 746 3408 et
802 3353 1036 3412 Nicaeuae
1085 3360 1276 3429 prima;
1336 3365 1531 3435 synodi
1569 3366 1761 3436 quinto
1796 3367 2012 3423 decimo

442 3459 650 3500 canone
677 3447 1063 3504 constitutum.
1099 3449 1199 3507 Hic
1233 3467 1364 3508 vero
1391 3470 1570 3511 canon
1603 3457 1809 3526 aliquid
1848 3460 2010 3514 etiam

442 3537 677 3605 amplius
745 3538 1023 3611 adiungit;
1097 3554 1150 3599 et
1207 3549 1559 3615 quantumvis
1608 3551 1805 3621 populo
1864 3551 2015 3608 urbis

448 3627 722 3698 adigente,
756 3631 858 3687 hoc
901 3644 1009 3702 est,
1049 3636 1529 3697 vehementissime
1579 3651 1803 3712 urgente
1849 3644 2013 3716 (pra:-

447 3721 751 3789 positiones
787 3738 1024 3803 namque
1051 3727 1505 3797 signiﬁcationem
1548 3733 1791 3805 augent),
1825 3750 2018 3805 quam-

445 3816 530 3870 vis
564 3815 727 3871 etiam
761 3818 1021 3890 episcopo
1070 3821 1257 3891 aliquo
1304 3824 1487 3878 acrius
1542 3824 1871 3895 impellente,
1926 3843 2014 3881 re-

447 3907 574 3963 Iicta
604 3909 739 3966 urbe
764 3926 926 3981 quam
962 3913 1189 3967 sortitus
1241 3922 1321 3969 est
1369 3915 1423 3970 in
1467 3916 1625 3970 aliam
1676 3918 2015 3989 demigrandi

451 3998 709 4056 facultate
765 4003 989 4058 omnino
1039 4004 1299 4075 episcopo
1365 4006 1589 4063 cuilibet
1664 4008 2015 4066 interdictum

449 4108 568 4147 esse
591 4092 854 4149 decernit.

450 4185 679 4242 AlllST.
715 4204 735 4238 ι
778 4185 1081 4258 Episcopus
1124 4187 1291 4242 etiam
1336 4203 1366 4243 a
1398 4190 1617 4260 populis
1663 4200 1908 4258 coactus,
1967 4202 2021 4248 et

526 4299 546 4333 ι
588 4280 656 4335 ab
676 4279 948 4349 episcopis
980 4280 1320 4349 compulsus,
1351 4281 1406 4335 in
1437 4281 1599 4336 aliam
1622 4285 1918 4352 parmciam
1953 4301 2022 4340 ne

524 4390 545 4425 ι
590 4379 855 4427 transeat.
901 4390 921 4425 ι

523 4462 917 4533 Episcoporum
939 4462 1218 4518 translatio
1235 4463 1460 4520 omnino
1475 4463 1815 4535 prohibetur,
1833 4478 2025 4534 quam-

2110 1982 2235 2052 χίας
2265 1981 2512 2050 γίνεσθαι
2541 1981 2640 2051 τὴν
2674 1982 3033 2052 συνάθροισιν
3067 1980 3270 2053 μεταξὺ
3341 1978 3437 2033 τοῦ
3491 1979 3689 2046 Πάσχα

2111 2074 2206 2126 καὶ
2244 2071 2337 2126 τοῦ
2368 2070 2702 2139 Ὀκτωὸρίου
2729 2072 2920 2142 μηνὸς,
2983 2072 3074 2125 καὶ
3096 2071 3193 2134 τὰς
3240 2065 3535 2129 κανονικάς
3586 2066 3690 2135 ζη-

2107 2165 2297 2234 τήσεις
2322 2161 2549 2216 λύεσθαι
2585 2161 2717 2231 παρ’
2763 2162 2967 2215 αὐτῶν.

2699 2253 2936 2306 ΚΛΝΩΝ
2966 2254 3095 2307 ΚΑ¹.

2114 2366 2131 2398 ι
2183 2348 2517 2401 Ἐπίσκοπον
2588 2346 2696 2402 ἀπὸ
2749 2345 3045 2415 παροικίας
3100 2342 3297 2413 ἑτέρας
3350 2344 3431 2405 είς
3486 2340 3691 2409 ἑτέραν

2189 2457 2208 2487 σ
2252 2437 2325 2507 μὴ
2352 2438 2734 2507 μεθίστασθαι,
2767 2438 2905 2506 μήτε
2929 2434 3265 2503 αὐθαιρέτως
3290 2433 3685 2505 ἐπιρρίπτοντα

2172 2545 2191 2580 ι
2250 2528 2465 2595 ἑαυτὸν,
2517 2529 2654 2597 μήτε
2693 2527 2797 2579 ὑπὸ
2852 2525 3001 2580 λαῶν
3079 2524 3492 2594 ἐκϐιαζόμενον,
3545 2525 3680 2595 μήτε

2191 2637 2210 2673 ‹
2252 2618 2356 2673 ὑπὸ
2384 2619 2699 2672 ἐπισκόπων
2722 2618 3185 2686 ἀναγκαζόμενον,
3218 2617 3405 2687 μένειν
3431 2615 3488 2669 δὲ
3507 2616 3589 2677 είς
3616 2615 3685 2685 ἢν

2186 2732 2205 2764 ι
2240 2712 2443 2782 ἐκλήθη
2472 2711 2704 2780 ἐξαρχῆς
2741 2709 3058 2782 ἐκκλησίαν,
3091 2708 3186 2763 καὶ
3219 2709 3294 2779 μὴ
3313 2708 3685 2778 ’μεθίστασθαι

2190 2824 2208 2855 ι
2249 2803 2440 2873 αὐτῆς,
2479 2803 2620 2855 κατά
2641 2804 2733 2855 τὸν
2763 2802 2866 2873 ἥδη
2883 2801 3149 2874 πρότερον
3180 2804 3309 2871 περὶ
3341 2802 3534 2856 τούτου
3589 2804 3686 2870 ἐξ·

2116 2900 2117 2903 “
2189 2915 2209 2946 ε
2246 2896 2529 2965 ἐνεχθέντα
2556 2896 2701 2967 ὅρον.
2743 2914 2760 2947 ι

2189 2989 2385 3044 ΒΑΛΣ.
2419 2988 2582 3059 Ζήτει
2612 2987 2969 3041 άποστολικδν
3000 2987 3201 3042 κανόνα
3223 2986 3307 3054 ιδ’,
3328 2987 3425 3040 καὶ
3450 2984 3498 3041 α’
3527 2987 3687 3040 συνό-

2115 3079 2205 3133 ὅου
2240 3077 2301 3134 ιε’
2313 3122 2327 3136 .

2188 3169 2430 3227 ΖΩΝΑΡ.
2465 3170 2577 3225 Καὶ
2604 3168 2735 3238 περὶ
2773 3169 2963 3224 τούτου
2991 3167 3084 3221 τοῦ
3149 3169 3449 3238 κεφαλαίου
3500 3167 3692 3238 διάφο-

2115 3281 2197 3335 ροι
2226 3265 2452 3327 κανόνες
2485 3262 3022 3335 ἐξεφωνήθησαν.⁹’0
3078 3279 3138 3314 τε
3178 3262 3289 3331 γὰρ
3330 3260 3692 3322 ἁποστολικδς

2114 3355 2177 3410 ιδ’
2200 3355 2380 3411 κανὼν
2406 3357 2537 3426 περὶ
2560 3355 2754 3409 τούτου
2779 3353 3099 3425 θεσμοθετεϊ
3120 3356 3253 3407 καὶὸ
3286 3359 3347 3406 ιε’
3369 3352 3551 3407 κανὼν
3587 3356 3694 3423 τῆς

2112 3451 2171 3502 ἑν
2222 3449 2431 3521 Νικαίᾳ
2459 3449 2687 3521 πρώτης
2716 3448 2959 3503 συνόδου.
2986 3440 3156 3508 Οὗτος
3182 3447 3239 3500 δέ
3284 3449 3312 3500 ό
3352 3449 3537 3500 κανὼν
3594 3447 3693 3500 καὶ

2100 3542 2277 3609 πλέον
2302 3559 2356 3596 τι
2399 3541 2727 3612 προστίθησι
2752 3557 2768 3573 ο
2808 3539 3021 3595 τοῦτοδ’
3047 3539 3165 3593 ἐστι
3194 3539 3255 3592 τὸ
3277 3539 3381 3592 κᾶν
3440 3539 3548 3594 ὑπὸ
3588 3539 3691 3592 τοῦ

2114 3634 2245 3688 λαοῦ
2281 3635 2383 3705 τῆς
2410 3633 2620 3696 πόλεως
2657 3634 2879 3704 ἐκείνης
2903 3632 3254 3702 ἐκόιάζηται,
3290 3632 3410 3687 ἀντὶ
3432 3631 3529 3686 τοῦ
3560 3648 3698 3699 σφο-

2114 3727 2350 3798 δρότατα
2386 3726 2646 3798 βιάζηται
2680 3742 2694 3756 ⁸
2722 3725 2781 3780 αἱ
2824 3725 2933 3797 γὰρ
2967 3726 3255 3798 προθέσεις
3301 3725 3552 3779 ἐπίτασιν
3591 3724 3695 3794 δη-

2115 3819 2269 3871 λοῦσι
2304 3834 2319 3848 ο
2347 3818 2452 3871 κᾶν
2480 3818 2585 3871 ὑπὸ
2617 3818 2920 3871 ἐπισκόπου
2967 3816 3376 3886 ἀναγκάζηται,
3419 3815 3494 3885 μὴ
3546 3814 3684 3868 πεί-

2119 3909 2309 3964 θεσθαι
2331 3908 2650 3963 καταλιπεῖν
2671 3911 2792 3979 τὴν,
2823 3911 2883 3962 ὲν
2981 3907 3290 3979 ἐκληρώθη,
3350 3906 3530 3972 πόλιν,
3594 3908 3696 3960 καὶ

2118 4003 2375 4059 ἀπελθεῖν
2401 4003 2481 4067 είς
2511 4002 2725 4074 ἑτέραν.

2120 4185 2346 4248 ΑΡΙΣΤ.
2399 4202 2419 4236 ί
2473 4183 2802 4246 Ἐπίσκοπος
2830 4183 2921 4237 καὶ
2984 4181 3087 4236 ὐπὸ
3155 4181 3301 4235 λαῶν
3374 4178 3693 4251 βιαζόμενος

2196 4296 2215 4330 ι
2253 4279 2350 4332 καὶ
2402 4276 2506 4330 ὑπὸ
2561 4276 2874 4329 ἐπισκόπων
2924 4275 3385 4343 ἀναγκαζόμενος,
3419 4273 3496 4345 μὴ
3538 4272 3696 4343 μεθι-

2199 4388 2218 4422 ‹
2253 4369 2469 4425 στάσθω
2502 4371 2581 4432 εἰς
2614 4370 2905 4439 παροικίαν
2959 4368 3169 4436 ἑτέραν.
3206 4388 3227 4421 ι

2206 4464 2607 4533 Ἀπηγόρευται
2652 4460 2884 4514 καθόλου
2955 4463 3066 4514 τῶν
3124 4462 3693 4532 ἑπιεςκόοττωνὴμεστά⁴

453 4555 592 4610 visa
626 4554 849 4622 populo,
895 4553 1146 4622 quamvis
1189 4554 1258 4609 ab
1311 4554 1587 4625 episcopis
1640 4555 1918 4609 transilire
1945 4555 2008 4609 ad

2125 4556 2296 4619 Θεσις,
2323 4554 2425 4608 κᾶν
2444 4554 2549 4606 ὑπὸ
2577 4552 2670 4606 τοῦ
2696 4553 2850 4617 λαοῦ,
2872 4552 2979 4609 κᾶν,
3023 4553 3127 4605 ὑπὸ
3158 4555 3472 4609 ἐπισκόπων
3532 4574 3689 4629 μετα-

455 4649 618 4701 aliam
652 4646 989 4715 provinciam
1022 4646 1392 4716 impellantur.

1006 4740 1235 4796 CANON
1287 4738 1454 4796 XXII.

463 4853 481 4883 σ
529 4831 832 4902 EpiscOpus
877 4833 932 4886 in
981 4833 1141 4886 aliam
1185 4834 1459 4889 civitatem
1504 4848 1624 4905 quae
1673 4835 1724 4888 ei
1776 4833 2022 4903 subjecta

537 4945 552 4975 ‹
598 4940 702 4979 uou
738 4933 841 4993 est,
864 4941 971 4980 non
1005 4927 1286 4990 ascendat,
1326 4942 1427 4981 nec
1478 4927 1532 4981 in
1579 4927 1874 5001 regionem,
1904 4946 2024 4999 qua:

540 5038 554 5067 ι
603 5020 667 5070 ad
692 5033 815 5073 eum
842 5036 949 5074 non
972 5020 1224 5089 pertinet,
1253 5018 1321 5072 ad
1345 5018 1574 5087 alicujus
1597 5019 2023 5087 ordinationem,

538 5133 553 5160 ε
606 5126 703 5165 uec
737 5112 1111 5184 presbyterum
1162 5119 1244 5166 vel
1299 5111 1589 5168 diaconum
1642 5115 1937 5168 constituat
1972 5116 2024 5168 in

538 5225 556 5253 ο
601 5206 733 5259 locis
776 5205 866 5259 alii
896 5206 1153 5275 episcopo
1187 5205 1452 5275 subjectis
1479 5247 1495 5272 ,
1535 5207 1639 5262 nisi
1664 5206 1790 5262 cum
1826 5209 2027 5263 volun-

544 5318 557 5341 ι
602 5304 710 5350 tate
743 5296 951 5367 proprii
1000 5297 1146 5351 illius
1200 5297 1439 5368 regionis
1485 5300 1746 5370 episcopi.
1798 5300 1856 5355 Si
1905 5303 2030 5371 quis

542 5412 557 5443 ι
602 5394 711 5447 tale
750 5392 878 5461 quid
906 5408 1076 5449 ausus
1127 5393 1308 5457 fuerit,
1359 5394 1572 5449 infirma
1624 5396 1696 5450 sit
1731 5396 2026 5460 ordinatio,

606 5496 661 5540 et
692 5489 804 5556 ipse
832 5502 859 5537 a
889 5487 1097 5556 synodo
1126 5488 1398 5555 puniatur.
1441 5505 1459 5538 ι

533 5662 726 5718 BALS.
779 5662 918 5735 Lege
959 5664 1120 5719 etiam
1170 5665 1702 5734 quartumdecimum
1764 5676 2029 5721 canonem

463 5758 845 5824 apostolicum,
870 5764 926 5811 et
956 5759 1225 5828 {quintum
1258 5760 1531 5815 decimum
1582 5754 1816 5813 Nicaeum
1846 5758 2035 5827 prima:

2136 4649 2324 4700 πεσεῖν
2360 4648 2440 4708 είς
2476 4646 2667 4715 ἑτέραν
2699 4646 2993 4714 παροικίαν
3023 4644 3322 4710 βιάζονται.

2721 4734 2959 4787 ΚΑΝΩΝ
2992 4734 3118 4790 KB’.

2183 4830 2525 4886 Ἐπίσκοπον
2559 4829 2632 4900 μη
2659 4827 2967 4882 ἐπιϐαίνειν
3000 4828 3259 4901 ἀλλοτρίᾳ
3319 4831 3473 4884 πόλει
3512 4834 3579 4903 τῇ
3622 4831 3694 4903 μὴ

2198 4945 2218 4979 ι
2261 4925 2600 4997 ὑποκειμένῃ
2630 4923 2801 4992 αὐτῷ,
2858 4924 2995 4994 μηδὲ
3062 4923 3217 4995 χώρᾳ
3264 4928 3328 4997 τῇ
3413 4928 3561 4997 αὐτῷ
3623 4932 3695 4999 μὴ

2204 5038 2227 5073 ι
2274 5018 2610 5089 διαφερούσῃ
2641 5018 2734 5069 ἐπὶ
2754 5017 3061 5088 χειροτονίᾳ
3101 5018 3268 5082 τινὸς,
3332 5020 3468 5089 μηδὲ
3548 5021 3699 5074 καθι-

2201 5131 2222 5163 ί
2270 5113 2401 5182 στᾷν
2467 5108 2839 5181 πρεσϐύτερον
2924 5108 2956 5179 ἢ
3031 5109 3278 5162 διάκονον
3344 5113 3426 5173 είς
3479 5112 3699 5182 *τόπους

2203 5221 2221 5253 ι
2263 5180 2435 5271 ἑτέρῳ
2465 5199 2748 5266 ἐπισκόπῳ
2782 5198 3197 5266 ὑποκειμένους,
3236 5200 3287 5251 εί
3320 5201 3394 5269 μὴ
3420 5180 3529 5271 ἄρα
3563 5203 3703 5270 μετὰ

2208 5313 2227 5348 ι
2264 5294 2489 5364 γνώμης
2508 5291 2599 5345 τοῦ
2635 5292 2837 5345 οἰκείου
2874 5291 2975 5361 τῆς
3001 5290 3186 5363 χώρας
3208 5293 3529 5348 ἐπισκόπου.
3550 5295 3614 5349 El
3646 5294 3704 5349 δὲ
3768 5350 3771 5351 ,

2207 5405 2226 5437 ι
2260 5386 2579 5455 τολμήσειὲν
2670 5401 2757 5447 τις
2835 5384 3071 5445 τοιοῦτο,
3156 5385 3359 5456 ἄκυρον
3416 5382 3703 5457 εἶναιτὴν

2212 5498 2231 5530 ε
2273 5476 2619 5547 χειροτονίαν
2702 5475 2795 5527 καὶ
2847 5475 3012 5528 αὐτὸν
3081 5477 3367 5546 ἐπιτιμίας
3447 5476 3555 5530 ὑπὸ
3605 5478 3706 5549 τῆς

2210 5589 2230 5622 ι
2272 5567 2490 5622 συνόδου
2514 5566 2826 5636 τυγχάνειν.
2839 5585 2858 5619 ι

2191 5656 2391 5717 ΒΔΛΣ.
2443 5659 2744 5729 ’Δνάγνωθι
2777 5649 2869 5713 κᾶὶ
2896 5660 2989 5713 τὸν
3014 5659 3077 5713 ιδ’
3100 5661 3458 5715 ἀποστολικὸν
3481 5664 3704 5723 κανόνα,

2137 5757 2233 5808 καὶ
2274 5754 2366 5806 τὸν
2404 5756 2466 5805 ιε’
2514 5753 2614 5820 τῆς
2673 5752 2731 5803 ἐν
2786 5750 2993 5820 Νικαίᾳ
3049 5751 3271 5823 πρώτης
3308 5754 3549 5818 συνόδου,
3611 5754 3710 5807 καὶ

464 5848 678 5917 synodi,
704 5860 759 5903 et
790 5851 971 5907 disces
997 5868 1064 5909 ex
1097 5851 1225 5918 illis,
1251 5861 1305 5907 et
1330 5867 1395 5907 ex
1418 5850 1634 5907 duobus
1670 5853 2001 5922 prieseutibu

2141 5847 2320 5919 μάθῃς
2349 5845 2411 5909 ἐξ
2433 5843 2658 5897 ἐκείνων
2694 5862 2751 5896 τε
2812 5845 2905 5897 καὶ
2959 5842 3067 5914 ἀπὸ
3092 5844 3203 5900 τῶν
3241 5845 3527 5917 παρόντων
3615 5845 3713 5900 δύο
