4052 6398
385 352 524 415 1333

1371 349 1449 409 ΙΝ
1490 348 1654 409 CAN.
1688 345 1890 407 XXIII
1929 342 2142 405 CONC.
2180 345 2241 403 II
2276 344 2631 403 ANTIOCH.

3483 324 3616 391 133/5

374 469 796 529 κανόνων,ἀλλά
825 468 930 538 μὴν
948 470 1043 522 καὶ
1100 468 1161 534 ἐξ
1226 468 1435 540 ἐτέρων
1488 468 1721 533 πολλῶν,
1797 467 1944 526 ὅπως

2070 467 2370 528 renonibus,
2429 464 2732 535 quinetiam
2774 478 2840 517 ex
2900 460 3088 515 multis
3146 456 3292 516 aliis,
3343 448 3617 519 quomodo

374 549 698 623 κολάζονται
725 561 773 612 oi
830 559 961 630 παρ’
1004 560 1226 629 ἐνορίαν
1286 560 1723 631 χειροτονοῦντές
1756 576 1817 611 τε
1850 559 1946 611 καὶ

373 652 844 725 χειροτονούμενοι
877 652 1047 724 χωρὶς
1078 654 1401 723 προτροπῆς
1437 650 1532 705 τοῦ
1590 651 1736 705 κατά
1762 650 1947 721 χώραν

375 745 701 799 ἐπισκόπου.
746 743 1042 811 Ἀνάγνωθι
1076 745 1169 798 καὶ
1196 744 1287 797 τδν
1310 743 1385 797 λε’
1419 743 1779 797 ἀποστολικδν
1846 758 1948 794 κα-

381 839 510 891 νόνα
546 839 643 890 καὶ
673 837 767 890 τὸν
790 838 889 907 τῆς
920 837 1181 906 δευτέρας
1213 836 1431 891 συνόδου
1483 838 1579 889 τὸν
1620 835 1688 907 β’.

449 929 691 985 ΖΩΝΑΡ.
730 932 838 984 Καὶ
871 930 1032 984 τοῦτο
1068 930 1345 1000 διαφόροις
1380 930 1567 982 κανόσι
1615 927 1943 993 κεκώλυται,

380 1025 441 1078 τὸ
470 1027 606 1093 μήτε
628 1025 706 1087 είς
735 1023 888 1076 πόλιν
904 1024 1044 1092 μήτε
1062 1024 1143 1085 είς
1168 1021 1352 1092 χώραν
1395 1022 1541 1092 ἄλλῳ
1582 1021 1951 1090 ὑποκειμένην

383 1119 665 1185 ἐπισκόπῳ
725 1116 911 1186 ἕτερον
950 1116 1171 1170 ἀπιέναι
1219 1114 1518 1169 ἐπίσκοπον
1569 1114 1666 1167 καὶ
1705 1129 1951 1184 χειροτο-

389 1211 523 1273 νεῖν,
590 1209 639 1262 εί
687 1210 760 1277 μὴ
820 1207 1247 1279 παραχωρηθείη
1302 1208 1451 1278 παρὰ
1502 1205 1597 1260 τοῦ
1656 1206 1951 1260 ἐπισκόπου

388 1297 485 1366 τῆς
509 1298 690 1369 χώρας
719 1298 935 1370 ἐκείνης
967 1318 983 1334 ο
1012 1301 1061 1353 εί
1111 1299 1169 1353 δὲ
1189 1299 1362 1361 ἄλλως
1390 1299 1601 1370 ἀπέλθῃ
1634 1299 1730 1353 καὶ
1776 1316 1955 1369 χειρο-

386 1393 625 1460 τονήσει,
671 1392 772 1461 τὴν
802 1394 902 1462 μὲν
932 1393 1273 1464 χειροθεσίαν
1327 1394 1531 1465 ἄκυρον
1556 1392 1719 1459 εἶναι,
1754 1393 1847 1444 τὸν
1895 1392 1951 1445 δὲ

387 1484 843 1553 χειροτονήσαντα
887 1486 1266 1556 ἐπιτιμᾶσθαι.
1304 1486 1709 1554 Ἀναγνωστέον
1742 1484 1954 1538 καὶτὸν

388 1574 637 1643 δεύτερον
657 1576 863 1631 κανόνα
890 1576 993 1646 τῆς
1013 1577 1272 1649 δευτέρας
1293 1577 1675 1648 οίκουμενικῆς
1711 1575 1951 1630 συνόδου.

390 1846 611 1900 ΛΡΙΣΤ.
649 1864 667 1897 ι
693 1845 819 1900 Ἐπὶ
854 1846 917 1900 τὸ
959 1847 1291 1917 χειροτονεῖν
1347 1862 1498 1904 τινας
1538 1844 1840 1904 ἐπίσκοπος
1891 1844 1957 1895 ἐκ
1991 1816 2031 1871 Β

454 1958 471 1989 ‹
515 1937 725 2000 πόλεως
748 1940 828 2002 είς
861 1938 1017 1991 πόλιν
1044 1939 1120 2007 μὴ
1149 1936 1384 2001 ὰπιέτω,
1414 1935 1529 1989 ἀλλ’
1555 1936 1587 2005 ἢ
1643 1935 1835 2007 γνώμῃ
1864 1934 1957 1988 τοῦ

447 2049 465 2079 ι
500 2032 799 2083 ἐπισκόπου
844 2029 943 2097 τῆς
966 2030 1172 2090 πόλεως
1202 2046 1217 2060 ·
1281 2030 1331 2081 εί
1388 2027 1434 2080 δ’
1499 2026 1587 2089 οὓ,
1639 2026 1957 2097 ἀϐέϐαιοςή

463 2139 480 2169 ι
517 2116 846 2190 χειροτονία,
882 2121 1134 2183 κάκεῖνος
1167 2120 1447 2183 ὑπόδικος.
1487 2138 1507 2171 ι

463 2210 548 2263 Τὰ
583 2211 724 2264 αὖτά
754 2209 834 2281 τῷ
855 2210 1293 2283 τρισκαιδεκάτῳ
1324 2210 1512 2263 κανόνι
1539 2210 1635 2265 καὶ
1691 2210 1720 2263 ὁ
1778 2206 1961 2261 κανὼν

388 2298 543 2366 οὗτος
577 2304 742 2372 λέγει,
775 2304 836 2357 τὸ
853 2304 1081 2358 ἕκαστον
1110 2304 1219 2357 τῶν
1255 2305 1572 2359 ἐπισκόπων
1604 2303 1674 2358 τὰ
1703 2304 1802 2372 τῆς
1826 2303 1962 2364 ίδίας

390 2398 636 2466 ἐνεργεῖν
663 2398 978 2468 παροικίας,
998 2398 1091 2450 καὶ
1113 2398 1192 2458 είς
1226 2396 1424 2466 ἐτέραν
1496 2397 1571 2467 μὴ
1593 2396 1840 2459 ἀπιέναι,
1866 2396 1964 2448 καὶ

394 2489 736 2560 χειροτονίας
791 2489 1190 2560 ποιεῖσθαι,
1254 2489 1442 2560 ἔτερόν
1498 2506 1554 2541 τι
1606 2488 1966 2543 ἐπισκοπικδν

394 2583 681 2652 πράττειν,
718 2583 847 2636 ἄνευ
873 2581 1103 2650 γνώμης
1146 2581 1246 2634 τοῦ
1298 2581 1570 2650 ἐγχωρίου
1619 2579 1962 2633 ἐπισκόπουο

391 2675 443 2727 εί
486 2674 561 2745 μὴ
585 2674 837 2744 βούλεται
874 2674 971 2729 καὶ
1006 2674 1327 2744 καθαιρέσει
1376 2673 1630 2742 γενέσθαι
1684 2672 1964 2733 ὑπόδικος,

394 2768 490 2821 καὶ
517 2768 585 2823 τὰ
613 2771 743 2838 παρ’
772 2768 940 2823 αὐτοῦ
980 2768 1293 2838 πραχθέντα
1332 2771 1513 2837 μεῖναι
1533 2767 1789 2821 ἀϐέϐαια.

953 2861 1193 2915 ΚΑΝΩΝ
1218 2861 1347 2915 KI".

404 2974 423 3008 ι
474 2955 794 3023 Ἐπισκόπῳ
862 2954 940 3024 μὴ
1014 2955 1217 3018 ἐξεῖναι
1287 2954 1403 3007 ἀντ’
1471 2954 1638 3007 αὑτοῦ
1692 2954 1967 3023 καθιστᾷν

465 3068 485 3101 ι
526 3050 717 3119 ἓτερον
738 3049 853 3116 (52)
873 3047 1068 3102 ἐαυτοῦ
1093 3048 1354 3117 διάδοχον,
1382 3050 1488 3102 κᾶν
1510 3050 1637 3118 περὶ
1657 3051 1723 3120 τῇ
1742 3048 1966 3120 τελευτῇ

468 3161 485 3194 ι
524 3140 618 3195 τοῦ
651 3140 770 3211 βίου
797 3140 1041 3210 τυγχάνῃ
1066 3156 1081 3171 ο
1115 3142 1163 3193 εἰ
1189 3140 1246 3192 δέ
1309 3157 1361 3193 τι
1429 3140 1672 3194 τοιοῦτον
1741 3141 1965 3209 γίνοιτο,
1995 3165 2041 3227 α

467 3254 485 3285 ι
523 3234 729 3303 ἄκυρον
776 3228 1045 3303 εἶναιτὴν
1097 3237 1454 3297 κατάστασιν,
1489 3235 1859 3302 φυλάττεσθαι
1910 3238 1971 3291 δὲ

463 3341 486 3378 ι
522 3326 616 3378 τδν
636 3324 837 3394 θεσμὸν
869 3325 963 3378 τὸν
988 3324 1446 3394 ἐκκλησιαστικὸν
1496 3327 1824 3397 περιέχοντα
1855 3330 1971 3385 δεῖν

466 3438 483 3468 ι
522 3417 597 3487 μὴ
649 3416 824 3479 ἄλλως
849 3415 1095 3482 γίνεσθαι
1136 3417 1459 3481 ἐπίσκοπον,
1502 3419 1534 3491 ἦ
1580 3422 1720 3490 μετὰ
1745 3423 1970 3477 συνόδου

472 3526 490 3557 ι
528 3507 624 3560 καὶ
645 3508 980 3575 ἐπικρίσεως
1004 3510 1344 3575 ἐπισκόπων,
1382 3512 1492 3564 τῶν
1520 3514 1658 3582 μετὰ
1720 3517 1820 3584 τὴν
1852 3518 1974 3570 κοίη

467 3617 487 3651 ι
522 3616 689 3670 μησιν
710 3600 805 3653 τοῦ
843 3602 1313 3672 ἀναπαυσαμένου
1348 3604 1448 3673 τὴν
1512 3604 1767 3669 ἐξουσίαν
1823 3610 1975 3679 ἐχόν-

462 3711 481 3742 ι
523 3709 633 3745 των
660 3692 756 3746 τοῦ
786 3693 1127 3763 προάγεσθαι
1158 3694 1249 3747 τὸν
1274 3695 1448 3758 ἀξιον.
1489 3716 1508 3748 ι

475 3784 668 3837 ΒΛΛΣ.
708 3786 769 3838 '0
789 3783 875 3849 ος⁹
905 3785 1089 3837 κανὼν
1114 3784 1223 3839 τῶν
1249 3788 1423 3855 ἁγίων
1468 3790 1793 3846 ἀποστόλων
1821 3794 1973 3864 λέγει

408 3876 483 3945 μὴ
524 3875 723 3940 ἐξεῖναι
757 3877 836 3944 τῷ
868 3877 1157 3949 ἐπισκόπῳ
1220 3883 1552 3951 χειροτονεῖν
1611 3883 1671 3938 ὃν
1720 3885 1974 3955 βούλεται

403 3968 521 4022 ἀντ’
549 3966 740 4023 αὐτοῦ.
775 3967 856 4021 Τά
878 3968 1019 4022 αὐτὰ
1041 3968 1133 4021 οὖν
1154 3972 1247 4023 καὶ
1278 3970 1306 4022 ὁ
1339 3971 1533 4042 παρὼν
1582 3975 1762 4028 κανὼν
1784 3976 1976 4031 θεσπίο

404 4060 508 4125 ζει,
530 4061 946 4131 προστιθέμενος
980 4062 1054 4131 μὴ
1107 4061 1284 4125 ἄλλως
1326 4064 1586 4133 γίνεσθαι
1646 4068 1968 4136 ἐπίσκοπον,

404 4156 454 4207 εί
486 4158 584 4221 μὴ,
613 4154 866 4218 θανόντος
921 4153 1016 4208 τοῦ
1078 4155 1403 4222 ἐπισκόπου,
1467 4159 1502 4229 ἡ
1555 4159 1659 4229 τῆς
1701 4161 1975 4235 ἐπαρχίας

405 4247 619 4308 σύνοδος
655 4248 748 4300 τὸν
798 4248 949 4311 ἀξιον
975 4246 1301 4317 ψηφίσεται.
1806 4254 1809 4255 ⁷

476 4340 720 4393 ΖΩΝᾹΡ.
753 4341 863 4393 Καὶ
890 4342 920 4394 ό
956 4337 1042 4404 ος⁹
1076 4339 1257 4392 κανὼν
1296 4341 1407 4394 τῶν
1444 4343 1617 4411 ἁγίων
1656 4347 1973 4404 ἀποστόλων

406 4426 484 4504 μὴ
515 4433 717 4500 ἐξεῖναι
756 4433 911 4502 λέγει
940 4433 1017 4505 τῷ
1064 4434 1350 4506 ἐπισκόπῳ
1374 4442 1723 4506 χειροτονεῖν.
1752 4442 1811 4494 ὃν
1844 4444 1971 4513 βού-

2051 562 2348 631 puniantur
2368 562 2459 628 qui
2490 560 2629 629 ultra
2659 572 2775 614 suae
2802 553 3041 625 regionis
3085 551 3221 603 lines
3260 546 3519 601 ordinant
3563 549 3618 595 et

2052 655 2403 716 ordinantur,
2458 652 2576 706 sine
2650 648 3012 721 permissione
3058 640 3300 711 regionis
3353 634 3617 706 episcopi.

2052 742 2193 809 Lege
2223 752 2276 795 et
2301 740 2635 796 tricesimum
2655 738 2905 808 quintum
2935 748 3201 788 eanonem
3254 726 3619 801 apostolicum

2051 846 2104 892 et
2141 849 2402 889 eanonem
2451 834 2487 886 ‘2
2520 829 2713 904 synodi
2749 828 3023 884 secundm.

2127 928 2381 984 ZONAB.
2422 926 2536 980 Iloe
2590 924 2825 995 quoque!
2875 922 3109 991 plurium
3171 931 3440 972 canonum
3494 929 3623 967 san-

2054 1022 2329 1077 ctionibus
2357 1019 2581 1074 vetitum
2610 1025 2717 1076 est,
2761 1030 2826 1069 ac
2852 1014 3111 1083 episcopo
3156 1010 3209 1064 in
3263 1007 3472 1069 urbem,
3529 1011 3625 1058 aut

2056 1114 2329 1182 regionem
2359 1111 2588 1169 alterius
2620 1107 2863 1179 episcOpi
2888 1105 3081 1160 ditioni
3128 1102 3455 1169 subjectam,
3494 1111 3619 1163 pro-

2060 1205 2251 1270 ﬁcisci,
2282 1203 2467 1273 ibique
2504 1202 2724 1257 ordines
2753 1199 3024 1260 conferre,
3078 1194 3186 1250 nisi
3241 1190 3507 1247 facultate
3556 1187 3625 1240 ab

2057 1299 2177 1368 ejus
2209 1298 2312 1352 loci
2339 1296 2597 1367 episcopo
2634 1293 2943 1362 impetrata,
3006 1302 3075 1342 ne
3127 1287 3309 1346 liceat,
3359 1280 3625 1335 constitu-

2058 1400 2170 1443 tum
2206 1410 2221 1444 :
2260 1388 2403 1460 quod
2465 1389 2511 1445 si
2564 1396 2743 1441 tamen
2788 1383 3005 1447 abierit,
3050 1380 3382 1446 ordinesque
3437 1382 3629 1428 contu-

2059 1483 2205 1545 lerit,
2235 1481 2581 1537 collationem
2608 1478 2827 1549 quidem
2854 1475 3064 1530 irritam
3083 1487 3204 1526 esse
3228 1488 3243 1530 :
3276 1470 3452 1539 ipsum
3476 1479 3625 1527 vero,

2060 1578 2155 1643 qui
2214 1576 2465 1639 contulit,
2523 1580 2709 1628 multa;
2767 1568 3100 1641 irrogatlone
3161 1563 3343 1634 puniri
3414 1559 3626 1629 iubent.

2061 1668 2196 1724 Vide
2246 1668 2501 1723 secunda:
2548 1680 2765 1734 quoque
2834 1660 3189 1719 cecumeuicae
3249 1654 3445 1727 synodi
3535 1665 3629 1705 ea-

2065 1776 2262 1815 nonem
2305 1760 2632 1814 secundum.

2059 1854 2289 1908 ARIST.
2345 1872 2363 1904 ι
2408 1853 2713 1923 Episcopus
2772 1865 2804 1904 ει
2857 1848 3077 1904 civitate
3127 1846 3181 1899 in
3228 1842 3507 1899 civitatem
3563 1841 3627 1892 ad

2136 1968 2156 2001 ι
2199 1948 2415 2016 aliquos
2442 1944 2778 2001 ordinandas
2816 1958 2882 1998 ne
2929 1941 3110 2004 abeat,
3145 1943 3511 2007 prazterquam
3565 1946 3628 1983 ex

2139 2057 2158 2091 ι
2199 2037 2439 2093 civitatis
2480 2034 2718 2105 episcopi
2764 2031 3031 2088 sententia
3061 2048 3073 2084 ι
3107 2026 3347 2095 alioquin
3390 2022 3630 2077 invalida

2139 2149 2157 2181 ι
2198 2129 2271 2185 sit
2302 2127 2602 2191 ordinatio,
2638 2133 2693 2180 et
2729 2126 2846 2195 ipse
2895 2121 3103 2191 judicio
3136 2118 3429 2172 obnoxius.
3466 2133 3484 2167 ι

2135 2221 2337 2275 Eadem
2374 2235 2438 2272 ae
2476 2221 2672 2274 tertius
2702 2217 2951 2272 decimus
2999 2228 3175 2270 canon
3224 2218 3279 2267 et
3322 2210 3413 2264 hic
3455 2222 3632 2263 canon

2064 2312 2218 2374 dicit,
2254 2324 2703 2380 unumquemque
2755 2290 3141 2377 episcoporum
3197 2317 3317 2371 quae
3362 2300 3428 2355 ad
3480 2313 3631 2355 suam

2066 2407 2341 2474 pertinent
2398 2402 2697 2475 parmciam
2752 2401 2953 2463 facere,
2999 2407 3054 2454 et
3098 2397 3263 2451 aliam
3316 2410 3425 2448 non
3459 2392 3633 2455 adire,

2065 2497 2290 2552 ordines
2316 2496 2588 2562 conferre,
2614 2495 2696 2550 vel
2730 2494 2947 2563 aliquod
2994 2489 3139 2545 aliud
3196 2502 3394 2542 munus
3424 2486 3637 2554 episco-

2067 2590 2188 2659 pale
2223 2588 2395 2652 obire,
2446 2588 2565 2643 sine
2621 2587 2859 2653 regionis
2906 2582 3147 2655 episcopi
3189 2580 3482 2641 sententia,
3529 2579 3635 2631 nisi

2068 2680 2229 2733 vellet
2264 2686 2320 2733 et
2348 2693 2406 2733 se
2433 2677 2765 2748 depositioni
2804 2676 2917 2730 fieri
2959 2675 3284 2739 obnoxium,
3315 2681 3370 2726 et
3410 2685 3531 2740 qua:
3570 2669 3639 2722 ab

2000 2782 2014 2793 °
2069 2788 2134 2826 eo
2184 2771 2325 2825 facta
2358 2778 2507 2831 sum,
2542 2768 2753 2822 inﬁrma
2798 2782 3041 2821 manere.

2624 2858 2855 2915 CANON
2894 2856 3083 2914 XXIII.

2077 2975 2097 3008 α
2142 2956 2223 3012 Ne
2272 2955 2434 3011 liceat
2473 2955 2732 3025 episcopo
2781 2952 2945 3006 alium
2980 2966 3079 3020 pro
3135 2965 3197 3005 se
3257 2960 3635 3004 successorem

2146 3068 2167 3102 ι
2206 3049 2564 3112 constituere,
2598 3045 2812 3102 etiamsi
2863 3045 2935 3101 sit
2977 3044 3031 3097 in
3071 3043 3177 3098 line
3210 3042 3376 3096 vitae:
3411 3040 3456 3095 si
3508 3040 3639 3113 quid

2151 3162 2171 3196 ι
2212 3152 2391 3198 autem
2446 3144 2539 3197 tlat
2587 3138 2877 3211 ejusmodi,
2938 3138 3091 3192 irrita
3149 3136 3223 3190 sit
3294 3134 3638 3189 constitutio.

2150 3255 2170 3289 ι
2216 3235 2474 3291 Servetur
2502 3242 2684 3289 autem
2718 3232 2856 3286 ritus
2889 3229 3323 3292 ecclesiasticus,
3352 3227 3447 3295 qui
3480 3225 3639 3289 dicit,

2152 3350 2172 3382 ι
2217 3345 2325 3383 non
2359 3328 2521 3382 aliter
2548 3327 2748 3380 debere
2798 3323 2916 3377 ﬁeri
2956 3322 3272 3392 episeOpum
3318 3334 3484 3389 quam
3516 3334 3641 3373 eum

2152 3443 2171 3476 ι
2217 3422 2432 3494 synodo
2461 3428 2516 3476 et
2542 3417 2751 3487 judicio
2790 3416 3197 3486 episcoporum,
3234 3415 3326 3483 qui
3374 3420 3498 3481 post
3545 3411 3642 3466 de-

2157 3538 2176 3571 ι
2223 3517 2395 3573 functi
2455 3511 2845 3567 dormitionem
2908 3514 3229 3577 potestatem
3299 3504 3503 3560 habent
3556 3505 3645 3561 di-

2150 3635 2169 3667 ι
2217 3626 2385 3684 gnum
2416 3602 2776 3677 provehendi.
2814 3620 2834 3654 ι

2145 3793 2335 3850 BALS.
2367 3788 2817 3859 Scptuagesimus
2842 3795 3033 3841 sextus
3062 3796 3383 3840 sanctorum
3419 3795 3645 3852 aposto-

2073 3888 2252 3944 lorum
2285 3900 2462 3942 eanon
2498 3883 2653 3945 dicit,
2695 3894 2807 3933 non
2838 3880 3002 3935 licere
3034 3878 3294 3947 episcopo
3325 3893 3487 3947 quem
3516 3878 3647 3932 velit

2074 3985 2194 4038 loco
2221 3997 2324 4038 suo
2362 3978 2589 4046 eligere.
2620 3974 2816 4029 Eadem
2844 3989 2974 4042 ergo
3003 3987 3247 4037 prmsens
3297 3986 3525 4041 quoque
3555 3986 3647 4025 ca.

2072 4091 2182 4130 non
2209 4071 2476 4132 decernit,
2513 4068 2801 4138 adjiciens,
2831 4082 2936 4121 non
2971 4065 3128 4119 aliter
3153 4065 3266 4118 ﬁeri
3298 4066 3643 4134 episcopmn,

2072 4183 2235 4238 quam
2263 4166 2331 4226 si,
2368 4171 2584 4217 mortuo
2606 4160 2887 4230 episeopo,
2939 4159 3159 4227 dignum
3186 4158 3478 4227 provincia":
3517 4174 3646 4229 syn-
3746 4177 3763 4201 κ

2073 4265 2213 4321 odus
2246 4257 2488 4327 elegerit.

2144 4354 2303 4425 451
2330 4350 2652 4405 ZONAR.Et
2680 4348 3106 4417 septuagesimus
3119 4357 3306 4402 sextus
3332 4355 3639 4399 sanctorum

2075 4444 2438 4514 apostolorum
2489 4455 2659 4494 canon
2705 4454 2771 4493 ne
2813 4437 3643 4507 episcopoliceatquemcunque

1629 4554 1820 4617 Guill.
1854 4557 2184 4636 Beveregii
2212 4560 2402 4619 noue.

473 4653 976 4735 (§2l_’E:no'xdfz<p
1021 4655 1101 4722 μὴ
1148 4655 1374 4735 ἐξεῖναι
1404 4656 1534 4735 ἀντ’
1567 4658 1756 4712 αὐτοῦ
1799 4667 1965 4735 κανιο
1999 4667 2049 4726 ο
2074 4666 2262 4732 χεῖρας
2290 4662 2370 4735 είς
2422 4657 2730 4735 ἐπισκοπὴν
2751 4654 3111 4735 ἐπιτέθεικεμ,
3148 4655 3420 4735 διάδοχον.
3446 4656 3645 4709 ἐαυτοῦ

406 4726 566 4799 ᾳτᾷνξ
602 4726 829 4799 ἑτεροῖα
880 4727 1017 4799 Ante
1096 4727 1422 4799 celebratam
1478 4726 1620 4781 hanc
1700 4732 1967 4799 synodum

408 4797 700 4851 Narcissus
752 4794 1255 4867 Ilierosolymorum
1316 4797 1633 4867 episcopus,
1675 4794 1968 4866 seniojam

407 4870 715 4924 confectus,
770 4866 1138 4919 Alexandrum
1172 4867 1275 4921 sibi
1314 4866 1621 4935 adiutorem
1668 4869 1721 4922 in
1776 4872 1965 4925 eodem

408 4938 731 5006 episcopatu
762 4936 1082 4998 constituit;
1140 4937 1232 4989 sed
1266 4936 1532 5006 divinitus
1567 4953 1661 5005 per
1691 4942 1965 4994 somnium

411 5010 566 5071 prius
612 5005 977 5068 admonitus;
1027 5015 1086 5078 ut
1132 5013 1374 5078 testatur
1425 5005 1718 5078 Eusebius,
1776 5012 1866 5078 qui
1903 5012 1970 5065 de

410 5078 671 5131 Narcisso
706 5078 967 5147 loquens,
991 5077 1066 5129 ait
1092 5091 1106 5128 :
1131 5076 1239 5147 Kal
1268 5076 1332 5147 δὴ
1371 5076 1563 5147 μηκέθ’
1584 5078 1698 5130 οἴου
1722 5076 1969 5143 τεδντος

410 5147 753 5219 λειτουργεῖν
802 5146 913 5219 διὰ-
959 5144 1192 5219 λιπαρὸν
1248 5144 1503 5219 γῆρας,-
1539 5148 1632 5198 τὸν
1681 5150 1972 5219 εἰρημένον

424 5216 798 5289 ἈλέξανδρονΔ
823 5216 1119 5289 ἐπίσκοπον
1168 5215 1363 5289 ἐτέρας
1399 5215 1744 5289 ὑπαρχοντα
1779 5215 1975 5289 παροι-

410 5288 534 5348 κίας
554 5284 837 5356 οἰκονομίᾳ
866 5284 1002 5339 Θεοῦ
1034 5286 1125 5356 ἐπὶ
1156 5284 1403 5356 τὴνίᾶμα
1428 5284 1834 5356 τῷΝαρκίσσῳ
1861 5284 1971 5342 λει-

409 5342 669 5430 τουργίαν
705 5344 912 5430 ἐκάλει,
939 5342 1455 5430 κατὰ-’ἀποκάλυψιν
1478 5342 1699 5430 νύκτωρ
1732 5342 1880 5430 αὑτῷ
1904 5360 1973 5413 δι’

410 5423 689 5494 ὁράματος
740 5428 1035 5494 φανεῖσανί
1078 5425 1277 5479 Euseb.
1329 5423 1471 5480 Hist.
1536 5423 1736 5481 Ecclés.
1770 5423 1862 5483 lib:
1898 5448 1974 5491 νι.

411 5510 533 5561 cap.
565 5495 652 5549 Η.
684 5495 775 5550 Sic
796 5498 962 5551 etiam
996 5495 1346 5549 Tlieoteenus
1375 5495 1640 5549 Caesareae
1675 5498 1977 5553 Palaestina:

414 5566 709 5633 cpiscopus
745 5567 1085 5630 Anatolium,
1120 5581 1225 5618 non
1257 5565 1417 5617 modo
1440 5568 1843 5635 condjutnrem,
1879 5572 1972 5624 sed

415 5644 471 5689 et
498 5650 875 5690 successorem
911 5637 1014 5689 sibi
1067 5637 1310 5698 ereavit;
1342 5646 1401 5687 ut
1436 5634 1592 5689 idem
1620 5635 1887 5693 Eusebius
1912 5646 1979 5694 de

418 5705 674 5778 Anatolio
728 5708 893 5778 verba
943 5706 1174 5767 faciens,
1220 5705 1433 5778 scribit,
1475 5706 1648 5774 τούτῳ
1700 5708 1919 5778 πρῶτος
1952 5711 1981 5762 ό

418 5777 515 5847 τῆς
547 5775 920 5830 Ιῐαλαιστινῶν
961 5775 1302 5847 Καισαρείας
1334 5775 1632 5840 ἐπίσκοπος
1680 5775 1974 5847 Θεότεκνος

2079 4725 2221 4802 μετὰ
2278 4728 2539 4802 τελευτὴν
2571 4725 2899 4802 ,ποριεῖσθαι
2940 4728 3007 4802 τῇ
3044 4727 3151 4796 ἰδίᾳ
3195 4726 3460 4802 παροικίᾳ
3485 4743 3647 4802 ῄπρο-

2084 4796 2381 4872 νοούμενος
2399 4817 2414 4831 ο
2441 4796 2629 4872 mret;
2659 4799 2750 4851 ἐπὶ
2801 4797 3064 4872 σμικρόνΔ
3083 4815 3207 4872 τινα
3231 4797 3446 4872 Δχρόνον
3476 4796 3648 4872 ἀμερω

2075 4874 2174 4942 τῆς
2224 4867 2395 4940 αὐτῆς
2422 4868 2780 4942 προῦστησαν
2830 4867 3162 4942 ἐκκλησίας,
3187 4868 3266 4942 Id.
3307 4867 3344 4919 Ι.
3370 4882 3522 4942 γης.
3544 4867 3643 4942 ’5⁸2.

2080 4936 2196 4995 Hoc
2221 4936 2401 4996 autem
2432 4936 2752 5008 a'prtesenti
2793 4952 3005 4991 canone
3052 4939 3396 5004 prohibetur.
3451 4936 3557 5008 Sed
3591 4948 3645 4989 et

2078 5021 2201 5081 post
2233 5011 2438 5064 editum
2478 5007 2626 5081 nunc
2653 5023 2919 5061 canonem
2952 5010 3185 5081 ptitrirua
3220 5010 3273 5062 in
3300 5007 3643 5081 contrarium

2078 5077 2324 5143 exempla
2365 5079 2575 5147 passim
2605 5090 2932 5133 occurrunt.
2968 5077 3035 5132 Ut
3063 5080 3167 5131 alia
3202 5080 3447 5132 omittam
3486 5078 3649 5131 Seve-

2080 5168 2176 5207 rus
2207 5155 2258 5203 iu
2304 5150 2613 5203 Milevitana
2660 5147 2906 5202 Ecclesia
2962 5165 3310 5203 successorem
3367 5148 3467 5201 sibi
3505 5149 3643 5200 (ἰαί-ν

2079 5223 2298 5292 gnavit,
2360 5229 2417 5272 ut
2447 5220 2539 5292 ait
2582 5218 2619 5292 II
2684 5220 3237 5292 Attgttslillllﬁppis‘t.
3289 5220 3410 5273 110.
3463 5219 3642 5283 Quiu-

2080 5289 2246 5346 etiant
2291 5292 2406 5359 ipse
2447 5290 2534 5343 ille
2584 5289 2918 5359 Augustinus
2969 5289 3254 5344 ordinatus
3308 5297 3394 5342 est
3428 5292 3647 5353 episco-

2087 5379 2189 5427 pus
2232 5357 2610 5430 Ilipponensis
2646 5357 2689 5410 a‘
2727 5357 2945 5412 Valerio
2996 5361 3176 5414 adhuc
3229 5360 3562 5430 superstite;
3594 5367 3650 5410 et

2086 5433 2203 5500 ipse
2232 5427 2422 5500 postea
2456 5429 2712 5482 Eradinm
2746 5430 2850 5500 sibi
2905 5444 3284 5483 successorem
3314 5427 3645 5497 designavit.

2087 5498 2145 5555 ut
2174 5498 2377 5556 ibidem
2407 5509 2637 5553 testatus
2665 5512 2770 5553 est.
2805 5498 2909 5552 Sed
2943 5500 3086 5565 quod
3113 5500 3517 5553 observandum
3542 5506 3645 5559 est,

2087 5587 2278 5626 omnes
2332 5572 2412 5624 lue
2478 5570 2775 5623 electiones
2838 5570 2969 5622 cleri
3018 5570 3312 5638 pepulique
3375 5569 3650 5637 sullragiis

2085 5642 2461 5709 comprobata:
2503 5648 2671 5705 sunt;
2705 5654 2826 5708 qua:
2861 5639 3025 5692 etiam
3050 5680 3066 5703 ,
3102 5650 3367 5708 ("tantum
3403 5640 3469 5693 ad
3503 5657 3650 5697 eam,

2087 5727 2263 5792 quam
2289 5712 2406 5835 ipsle
2430 5713 2663 5833 .t‘lecerat,
2702 5724 2798 5780 per
2826 5711 3069 5766 notarios
3121 5712 3281 5766 divus
3314 5710 3651 5781 Augustinus

2087 5798 2264 5835 excitu
2298 5798 2363 5835 vo
2392 5797 2440 5833 Ill
2476 5819 2491 5835 .

2087 5782 2264 5853 excipi
2298 5781 2491 5835 voluit.
