2026 3201
254 170 318 201 1339

870 172 1006 203 ἯΙΕΟΙ).
1019 172 1217 203 BALSAMON

1793 170 1862 202 1340

287 234 296 250 ι
316 225 362 252 sie
389 232 553 260 Cognoscere
579 232 705 262 oportet;
737 234 765 255 ut
801 236 860 257 cum
878 229 1019 263 episcopus

1111 238 1120 255 ι
1144 237 1189 264 μις
1220 228 1432 263 διαγινώκεσθαι
1443 236 1451 244 ο
1466 228 1520 260 ἵνα,
1535 226 1582 254 τοῦ
1597 227 1748 254 ἐπισκόπου
1768 226 1860 254 τελευ-

288 278 298 296 ι
319 272 503 306 obdormierit,
522 281 582 308 qua:
602 281 659 301 sua:
681 280 743 302 sunt
771 274 898 302 Ecclesiae
915 282 1026 302 conser-

288 325 298 342 ι
318 322 432 345 ventur:
446 326 505 352 qua:
521 325 611 347 autem
627 326 690 347 sunt
714 321 844 356 episcopi,
857 321 934 356 juxta
953 321 1025 350 illius

287 371 297 387 ι
317 362 521 398 dispositionem
537 366 771 394 administrentur.
794 377 804 393 ι

283 406 394 442 Oportet
404 410 559 445 episcopum
575 411 705 438 bonorum
719 420 827 439 suarum
847 413 1025 440 inventarium

249 453 352 485 facere.
366 462 451 490 eaque.
468 457 610 484 manifesta
628 459 753 490 reddere,
767 463 794 486 et
805 459 929 486 similiter
942 460 1026 486 bono-

250 506 308 525 rum
327 499 465 534 Ecclesiae,
481 507 508 529 et
533 510 563 530 ea
590 503 753 539 presbyteris
780 510 808 531 et
823 504 944 532 diaconis
962 510 1024 532 nota

250 543 350 578 facere,
371 550 400 572 ut
422 554 483 574 curn
500 549 625 580 moritur,
646 549 716 576 inter
730 557 795 578 suos
812 551 884 585 quod
900 551 950 577 sibi
967 551 1026 585 pla-

250 590 347 622 cuerit,
364 591 501 625 disponat.
523 593 551 620 Si
567 599 655 621 autem
680 595 723 622 sic
749 604 801 623 non
815 596 920 629 fecerit,
934 597 1024 624 omnia

249 635 378 664 Ecclesiae
393 638 552 673 adjudicari.

283 725 409 753 ZONAR.
440 727 610 763 Quaecunque
636 733 685 757 hoc
710 738 813 759 canone
839 733 1024 765 continentur,

248 772 282 798 ab
296 772 329 798 iis
344 780 412 806 quos
428 774 567 801 attulimus
585 775 739 809 apostolicis
751 777 900 804 canonibus
914 778 1025 812 repetita

249 822 323 844 sunt.
352 818 417 846 Esse
443 828 559 854 namque
594 828 676 855 penes
706 822 862 857 episcopum
877 831 919 850 res
934 825 1024 850 eccle-

248 862 375 889 siasticas
392 864 597 892 administrandi
620 867 828 901 auctoritatem;
845 869 891 896 sed
905 869 939 895 ita
952 877 1024 902 esse,

249 912 278 933 ut
292 915 461 944 nequaquam
476 911 560 945 ipsius
580 912 712 940 arbitratu
730 914 873 945 abuteudi,
890 923 982 943 verum
999 917 1024 943 in

248 961 312 981 usus
337 963 484 990 pauperum
510 958 677 993 conferendi,
702 960 815 989 facultas
840 963 886 994 sit,
912 970 944 989 ac
971 963 1023 989 sibi

246 1000 327 1026 etiam
344 1002 475 1029 retinendi
497 1011 539 1035 ea,
556 1004 654 1038 quibus
671 1013 738 1039 opus
760 1006 851 1039 habet,
868 1008 1023 1035 necessaria

246 1045 385 1084 videlicet.
402 1050 448 1074 sed
463 1056 494 1075 ea
521 1057 637 1084 qucque,
653 1051 675 1077 si
691 1057 781 1086 egeat,
800 1053 849 1080 hoc
866 1058 916 1085 est,
929 1054 950 1081 si
966 1055 1024 1082 iuo-

249 1091 291 1126 pia
317 1092 419 1120 labort-t
445 1097 506 1125 (nec
535 1095 607 1122 enim
634 1097 779 1131 quidquam
796 1097 822 1124 in
836 1106 880 1125 res
897 1107 1024 1134 superva-

249 1146 315 1164 cuas
331 1139 476 1172 insumere,
498 1142 544 1167 sed
560 1142 679 1175 Apostoli
696 1144 837 1170 consilium
855 1145 930 1180 sequi
946 1146 1000 1174 vult
1014 1155 1022 1174 :

246 1183 377 1210 [labentes
391 1185 528 1219 alimenta,
542 1186 629 1221 inquit
656 1188 709 1221 ille,
724 1194 761 1216 ει.
776 1190 868 1224 quibus
892 1196 1021 1227 tegantur,

245 1230 285 1257 his
299 1231 413 1257 conten/1‘
424 1232 549 1266 erimus),
570 1233 626 1261 lucc
641 1242 673 1262 ex
688 1236 1023 1270 apostolicisfconstitutio-

244 1274 324 1301 nibus
351 1276 478 1303 universa
495 1278 642 1305 ducuntur.
659 1279 735 1313 Quod
759 1281 781 1308 si
810 1290 863 1310 non
878 1289 1022 1312 contentus

244 1320 397 1354 sumptibus
412 1323 594 1355 necessariis,
610 1323 647 1351 ad
659 1327 783 1359 proprias
797 1335 904 1362 quoque
921 1330 1021 1357 utilita-

245 1371 286 1394 tes
311 1367 379 1394 bona
410 1369 594 1397 ecclesiastica
625 1372 770 1405 convertit,
798 1380 848 1401 nec
878 1382 910 1402 ex
925 1383 1019 1403 eorum

244 1415 389 1446 sententia.
412 1415 456 1450 qui
496 1417 664 1445 honestiores
690 1426 705 1446 e
729 1419 804 1448 clero
831 1421 1019 1456 prohibentur,

244 1459 370 1487 Ecclesiae
391 1461 494 1488 reditus
518 1463 702 1497 administrat,
719 1465 769 1493 hoc
782 1471 835 1498 est,
853 1472 980 1502 acceptos
991 1474 1019 1496 et

241 1511 375 1539 expensas
403 1506 496 1540 refert,
528 1509 574 1536 sed
598 1517 658 1548 eam
687 1512 845 1546 propinquis
882 1512 1017 1541 licentiam

1113 285 1123 302 ι
1143 276 1254 308 τῶντος,
1266 275 1301 303 τὰ
1311 276 1398 302 οίκεῖα
1412 275 1460 310 τῆς
1474 273 1623 310 ἐκκλησίας
1634 273 1862 310 διαφυλάττηται,

1113 333 1123 349 ι
1142 323 1176 350 τὰ
1187 323 1215 349 δὲ
1231 322 1277 349 τοῦ
1290 312 1438 349 ἐπισκόπου
1457 320 1527 348 κατὰ
1541 320 1592 355 τὴν
1607 319 1713 347 ἐκείνου
1723 319 1863 354 διοικῆται

1112 379 1121 395 ι
1139 369 1270 402 διάταξιν.
1291 378 1301 395 ι
1862 368 1867 372 ”

1111 417 1157 442 Δεῖ
1181 416 1227 442 τὸν
1251 416 1399 442 ἐπίσκοπον
1433 413 1598 449 ἀπογραφὴν
1631 412 1767 440 ποιεῖσθαι
1803 412 1864 440 τῶν

1076 462 1175 490 ἐαυτοῦ
1201 462 1382 497 πραγμάτων,
1406 461 1455 487 καὶ¹
1482 459 1586 495 φανερὰ
1607 458 1676 486 αὐτὰ
1703 458 1862 493 καθιστᾷν·

1076 508 1208 539 ὡσαύτως
1221 508 1267 534 καὶ
1279 507 1333 534 τῶν
1345 508 1394 542 τῆς
1409 506 1582 540 Ἐκκλησίας,
1599 506 1646 531 καὶ
1669 503 1862 537 γινώσκεσθαι

1075 553 1162 580 ταῦτα
1180 555 1236 584 τοῖς
1258 553 1454 587 πρεσϐυτέροις
1479 552 1526 578 καὶ
1548 551 1682 582 διακόνοις
1695 558 1702 566 ·
1728 550 1761 577 ἵν’
1774 571 1783 583 ,
1812 551 1865 578 ὅτε

1075 600 1198 634 τελευτᾷ,
1215 600 1242 626 ἐν
1265 600 1322 630 τοῖς
1340 599 1451 630 οἰκείοις
1467 598 1538 625 κατὰ
1563 599 1593 625 τὸ
1618 597 1751 632 βουλητὸν
1781 597 1864 632 αὐτῷ

1075 645 1245 679 διατάξηται.
1263 646 1292 671 Et
1308 645 1336 671 δὲ
1352 645 1389 679 μὴ
1407 645 1479 671 οὕτω
1493 644 1612 680 ποιήσει,
1627 644 1715 670 πάντα
1733 651 1865 678 apem-

1077 692 1188 727 ροῡσθαι
1204 693 1236 727 τῇ
1252 691 1396 726 ἐκκλησίᾳ.
1442 722 1443 725 η

1110 738 1235 765 ΖΩΝΑΡ.
1251 738 1321 765 Ὅσα
1334 738 1369 764 ἐν·
1380 737 1418 772 τῷ
1430 737 1523 764 κανόνι
1538 737 1625 772 τούτῳ
1637 737 1663 763 οἱ
1680 737 1730 772 τῆς
1745 736 1864 763 συνόδου

1075 784 1175 820 ταύτης
1188 782 1273 815 εἶπον,
1288 785 1344 816 τοῖς
1358 783 1512 818 εἰρημένοις
1532 783 1722 815 ἁποστολικοϊς
1739 783 1863 809 κανόσιν

1076 831 1203 865 ἑπόμενοι
1228 828 1315 857 εἷπον.
1341 830 1395 856 Καὶ
1409 829 1439 856 τὺ
1465 829 1536 865 ἔχειν
1562 829 1617 864 γὰρ
1639 830 1684 856 τὸν
1704 829 1863 857 ἐπίσκοπον

1076 876 1201 908 ἐξουσίαν
1211 876 1266 902 τῶν
1291 876 1342 909 τῆς
1361 876 1507 910 ἐκκλησίας
1522 876 1705 910 πραγμάτων,
1729 875 1861 908 ἐξουσίαν

1076 921 1103 948 δὲ
1117 921 1166 955 οὑχ
1180 920 1250 947 ὥστε
1264 921 1380 955 χρῆσθαι
1399 920 1505 952 τούτοις
1529 920 1566 951 ὡς
1584 920 1719 954 βούλεται,
1741 920 1799 947 ἀλλ’
1812 920 1859 952 είς

1074 967 1206 1002 διοίκησιν
1215 966 1273 995 τῶν,
1279 967 1424 1001 δεομένων,
1437 967 1484 993 καὶ
1498 966 1528 993 τὸ
1541 966 1763 1002 μεταλαμϐάνειν
1772 966 1861 994 αὐτδν

1074 1012 1129 1039 τῶν
1140 1012 1263 1044 δεόντων,
1282 1012 1404 1038 τουτέστι
1426 1012 1481 1038 τῶν
1497 1012 1665 1045 ἀναγκαίων,
1683 1012 1732 1038 καὶ
1751 1014 1861 1038 τούτων

1074 1060 1098 1085 εἰ
1110 1059 1208 1092 δέοιτο,
1222 1059 1284 1086 ἀντὶ
1297 1058 1343 1085 τοῦ
1358 1058 1455 1089 ἐνδεῶς
1469 1057 1519 1093 ἔχῃ
1544 1057 1685 1092 (περισσὸν
1704 1058 1740 1091 γὰ
1746 1066 1766 1092 ρ’
1776 1057 1861 1084 οὺδέν

1074 1105 1148 1140 αὺτῷ
1171 1106 1308 1140 συγχωρεῖ
1332 1104 1465 1139 δαπανᾷν,
1481 1103 1520 1139 τῷ
1535 1103 1691 1137 Ἀποστόλῳ
1707 1103 1735 1130 δέ
1761 1103 1859 1130 πείθε-

1072 1160 1127 1183 ται,
1139 1150 1254 1185 λέγοντι,
1274 1150 1417 1184 Ἔχοντες
1428 1149 1587 1183 διατροφὰς
1603 1148 1655 1175 καὶ
1674 1148 1859 1184 σκεπάσμα-

1072 1207 1123 1230 τα,
1148 1198 1266 1230 τούτοις
1288 1196 1562 1232 ἀρκεσθησόμεθα),
1588 1196 1643 1222 τῶν
1669 1196 1860 1224 (immutabo

1072 1246 1125 1272 εἰσι
1147 1244 1295 1277 διατάξεων
1307 1251 1314 1259 ·
1330 1245 1352 1270 εἰ
1371 1243 1400 1270 δὲ
1421 1243 1459 1278 μὴ
1478 1245 1534 1275 τοῖς
1548 1243 1708 1277 ἀναγκαίοις
1730 1243 1857 1279 ἀρκοῐτο,

1071 1291 1178 1326 δαπανᾷ
1192 1291 1219 1317 δὲ
1234 1291 1268 1317 τὰ
1284 1290 1500 1324 ἐκκλησιαστικὰ
1517 1290 1557 1320 είς
1569 1289 1668 1316 ἑαυτοῦ
1683 1289 1791 1324 χρείας,
1806 1290 1856 1316 καὶ

1073 1337 1110 1373 μὴ
1136 1336 1204 1371 μετὰ
1226 1335 1339 1371 γνώμης
1361 1336 1415 1363 τῶν
1435 1335 1482 1362 τοῦ
1509 1335 1609 1377 κλήρου
1632 1335 1856 1370 ἁξιολογωτὲρων

1071 1382 1120 1414 τὰς
1147 1382 1296 1417 προσόδους
1320 1382 1370 1416 τῆς
1394 1381 1544 1417 ἐκκλησίας
1572 1381 1717 1413 είσοδιάζει
1744 1390 1774 1408 τε
1803 1382 1854 1408 καὶ

1071 1426 1212 1460 ἐξοδιάζει,
1228 1426 1296 1453 ἀλλὰ
1318 1426 1460 1460 συγγενέσι
1488 1425 1616 1461 παράσχῃ
1643 1425 1693 1461 τὴν
1715 1425 1855 1459 ἐξουσίαν,

1071 1472 1142 1500 ὥστε
1166 1472 1317 1508 λεληθότως
1336 1472 1449 1502 ἐκείνων
1475 1472 1622 1506 μετιόντων
1648 1472 1682 1499 τὰ
1701 1471 1856 1507 πράγματα

1071 1519 1235 1555 βλάπτεσθαι
1260 1519 1322 1550 τοὺς
1342 1518 1437 1552 λόγους
1457 1518 1506 1552 τῆς
1528 1518 1687 1552 ἐκκλησίας,
1707 1518 1856 1554 (λόγουςδὲ

243 1553 384 1585 permittit,
401 1557 428 1580 nt
444 1553 509 1589 ipsis
526 1562 568 1582 res
589 1555 622 1582 ad
653 1563 683 1583 se
710 1557 816 1586 occulte
837 1559 1016 1595 trahentibus,

1070 1553 1119 1596 τὰς
1135 1563 1320 1598 λογοπραγίας
1334 1559 1428 1589 καλείῖ
1442 1563 1466 1589 si
1479 1563 1534 1597 γὰρ
1549 1562 1585 1598 μὴ
1599 1553 1715 1599 εἴδησιν
1726 1563 1814 1598 ἔχοιεν
1827 1564 1854 1590 οε

243 1597 362 1625 rationes
385 1598 510 1626 Ecclesiae
530 1599 678 1634 laedanlur;
708 1601 813 1637 (λόγους
827 1611 900 1638 vero,
931 1605 956 1633 id
977 1612 1018 1634 est

244 1645 364 1672 rationes
390 1647 517 1682 appellat,
534 1656 601 1683 quas
626 1649 705 1678 aliter
718 1651 804 1680 Graeci
821 1652 1016 1690 λογοπραγίας.

242 1689 298 1718 Nisi
322 1691 394 1718 enim
422 1693 564 1721 subductis
584 1696 687 1729 accepti
702 1700 729 1724 et
756 1699 866 1732 expensi
889 1699 1016 1734 calculis,

241 1742 294 1769 quo
310 1741 388 1768 pacto
416 1737 592 1769 ecclesiastici
625 1739 749 1768 homines
765 1742 1016 1773 administralarum

242 1780 369 1808 Ecclesia:
410 1782 568 1811 facultatum
598 1785 728 1814 rationem
754 1794 769 1815 ο
797 1791 1018 1821 procuratoribus

242 1829 395 1863 repetant?)
419 1830 442 1856 si
461 1837 526 1864 ergo
555 1830 634 1859 talem
648 1839 679 1860 se
696 1833 721 1860 in
739 1834 865 1863 Ecclesiae
887 1837 1016 1866 bonorum

242 1873 478 1902 administratione
504 1875 648 1911 episcopus
681 1879 808 1913 praebeat,
842 1881 976 1910 hominem
1002 1892 1017 1911 a

241 1918 387 1951 provinciae
398 1920 503 1954 synodo
516 1921 613 1957 corrigi
627 1930 713 1950 canon
727 1924 814 1959 jubet.
827 1926 902 1960 Quod
917 1929 939 1956 si
951 1937 1018 1964 prae—

242 1967 314 1990 terea
333 1971 375 1992 res
389 1965 590 1995 ecclesiasdcas
619 1971 875 2007 quomodocumque.
887 1974 1017 2003 interver-

240 2013 307 2040 tere,
322 2009 428 2043 sibique
444 2017 583 2047 usurpare,
599 2014 655 2041 sive
667 2022 725 2050 quae
743 2024 774 2044 ex
789 2019 871 2052 agris,
887 2021 944 2048 sive
958 2030 1016 2056 quae

240 2054 351 2082 aliunde
370 2052 534 2091 ~obveniant,
557 2060 712 2095 episcopttm
733 2063 847 2099 ejusque
859 2067 948 2095 socios
963 2052 1017 2096 cri-

239 2099 387 2132 minentur,
414 2108 446 2128 ex
480 2110 533 2137 quo
561 2111 694 2139 pauperes
716 2107 823 2141 quidem
855 2113 1016 2139 necessariis

237 2146 359 2173 destituti
370 2147 497 2177 subsidiis
510 2150 647 2184 deficiant,
664 2151 713 2187 ipsi
738 2160 803 2181 vero
816 2154 927 2184 infamia
943 2158 1015 2185 male

236 2195 320 2224 gestae
334 2193 578 2222 administrationis
600 2196 735 2231 laborent,
751 2206 839 2234 neque
854 2208 918 2229 vero
930 2203 1015 2231 ratio-

1070 1609 1119 1645 τῆς
1139 1608 1305 1645 Ἐκκλησίας
1330 1609 1385 1635 τῶν
1402 1609 1510 1644 ἀληθῶν
1535 1609 1645 1636 εἰσόδων
1669 1610 1718 1636 καὶ
1740 1609 1854 1643 ἐξόδων,

1069 1654 1130 1686 πῶς
1151 1655 1214 1685 τοὺς
1235 1654 1375 1690 διοικητὰς
1400 1654 1454 1681 τῶν
1483 1654 1612 1681 τοιούτων
1638 1654 1736 1689 λόγους
1763 1656 1855 1682 ποιεῑν

1069 1701 1277 1736 ἀπαιτήσουσιν)
1295 1709 1303 1733 ;
1318 1700 1382 1728 ὃταν
1403 1699 1450 1727 οὖν
1472 1700 1557 1732 οὕτως
1585 1700 1736 1732 ἐπίσκοπος
1760 1701 1854 1737 διοικῇ

1068 1746 1102 1773 τὰ
1116 1746 1166 1780 τῆς
1186 1746 1344 1781 ἐκκλησίας,
1360 1746 1521 1773 εὐθύνεσθαι
1541 1746 1624 1773 αὐτὸν
1641 1746 1719 1782 παρὰ
1738 1747 1788 1782 τῆς
1804 1755 1857 1773 συ-

1068 1793 1144 1819 νόδου
1163 1792 1212 1828 τῆς
1234 1792 1367 1827 ἐπαρχίας
1388 1791 1536 1826 διορίζεται
1557 1793 1572 1819 ό
1592 1791 1694 1820 κανών.
1713 1792 1745 1819 Ei
1761 1792 1854 1836 δὲκαὶ

1068 1838 1148 1866 ἄλλον
1164 1838 1224 1864 τινὰ
1247 1838 1349 1873 τρόπον
1375 1837 1582 1873 σφετερίζεσθαι
1605 1837 1654 1865 καὶ
1681 1838 1853 1872 οίκειοῦσοαι

1067 1884 1101 1910 τὰ
1112 1883 1336 1918 ἐκκλησιαστικὰ,
1350 1883 1402 1910 κᾶν
1415 1884 1444 1916 ἐξ
1464 1883 1556 1918 ἀγρῶν
1571 1882 1638 1917 εἷεν,
1657 1883 1710 1912 κᾶν
1723 1883 1850 1916 ἄλλοθεν.

1067 1931 1081 1956 ὁ
1097 1930 1245 1960 ἐπίσκοπος
1267 1929 1315 1956 καὶ
1337 1930 1361 1956 οί
1386 1930 1435 1956 σὺν
1459 1930 1534 1965 αὐτῷ
1556 1930 1753 1962 διαϐάλλοιντο.
1778 1930 1852 1959 ὦπα

1068 1976 1206 2003 θλίὸεσθαι
1233 1976 1283 2011 μὲν
1310 1976 1372 2008 τοὺς
1401 1976 1538 2010 πένητας,
1565 1975 1603 2012 μὴ
1632 1977 1850 2013 χορηγουμένων

1068 2023 1143 2056 σφίσι
1167 2023 1221 2049 τῶν
1246 2023 1396 2058 χρειωδῶν,
1419 2024 1622 2059 δυσφημείσθαι
1636 2025 1665 2052 δέ
1681 2024 1730 2053 καὶ
1754 2025 1849 2058 κακῶς

1066 2069 1176 2104 ἀκούειν
1205 2070 1267 2101 τοὺς
1293 2069 1363 2096 οὕτω
1394 2070 1582 2104 διοικοῦντας,
1608 2064 1662 2099 καί
1685 2071 1733 2099 τδν
1754 2072 1847 2107 λόγον,

1067 2115 1208 2142 τουτέστιν
1233 2115 1266 2148 ἃς
1289 2117 1396 2143 ποιοῦσι
1422 2117 1619 2152 λογοπραγίας,
1635 2117 1673 2150 ὥς
1698 2117 1738 2154 μὴ
1755 2117 1848 2160 καλῶς

1068 2162 1279 2197 προϐαινούσας,
1303 2163 1350 2189 καὶ
1370 2163 1484 2195 τούτους
1506 2163 1681 2198 διορθοῦσθαι
1697 2164 1772 2200 παρὰ
1795 2164 1849 2200 τῆς

1068 2208 1190 2241 συνόδου,
1202 2208 1232 2234 τὺ
1249 2208 1423 2244 ἐνδεχόμενον
1436 2209 1651 2246 δοκιμαζούσης,
1662 2210 1848 2247 ἑξεταζούσης

237 2244 294 2268 nes,
311 2245 379 2272 quas
404 2239 454 2273 ipsi
476 2240 602 2269 videlicet
629 2243 770 2276 exhibent,
799 2247 865 2274 satis
895 2249 1016 2282 probata:
1031 2238 1052 2265 D
1068 2253 1084 2288 ῆ
1098 2238 1246 2289 κυρούγσης.

235 2290 400 2326 ερρπειιηη
427 2293 475 2314 θοε
500 2295 608 2322 quoque
635 2296 683 2323 Ρετ
698 2291 830 2325 3y||0dum
854 2294 936 2323 rebus
951 2296 1093 2335 diligenter
1118 2301 1267 2336 exploratis
1295 2309 1328 2328 ac
1360 2301 1533 2334 examinatis,
1556 2302 1598 2330 vel
1633 2302 1715 2344 etiam
1746 2303 1782 2331 ab
1813 2312 1848 2333 ea

236 2330 348 2344 ἢμην-ιε-
374 2333 545 2344 -.___:--_J__
564 2342 616 2344 μελε
642 2334 654 2344 1
714 2343 717 2344 ν
740 2336 756 2344 ι.

235 2330 360 2364 firmatis,
372 2333 546 2367 corrigendos
560 2342 620 2362 esse
636 2334 769 2364 decernit.

1666 2361 1675 2375 Ι

233 2377 348 2405 ARIST.
375 2379 401 2405 in
423 2379 559 2407 Canouem
572 2381 618 2408 25.
639 2389 649 2407 ι
663 2381 810 2417 Episcopus
824 2393 912 2413 rerum
930 2390 1014 2417 eccle-

1070 2393 1173 2422 ιιιῐΣτ.
1205 2402 1215 2419 ι
1237 2376 1339 2428 Κύριος
1363 2393 1378 2419 ὁ
1402 2392 1552 2425 ἐπίσκοπος
1564 2393 1619 2420 τῶν
1631 2394 1682 2430 τῆς
1697 2381 1848 2430 ἐκκλησίας

272 2432 282 2449 ι
307 2423 478 2451 siasticarum
494 2430 653 2459 potestatem
685 2428 800 2461 habeat;
815 2430 837 2457 si
852 2438 942 2460 autem
960 2443 1011 2463 non

273 2476 283 2494 ε
308 2468 344 2495 sit
367 2473 510 2497 contentus
524 2470 556 2498 iis
571 2479 630 2506 qua:
645 2472 681 2499 illi
695 2474 846 2509 sufficiunt,
859 2485 954 2507 verum
969 2489 1013 2509 res

267 2523 277 2539 ι
298 2522 329 2542 ac
351 2515 453 2542 redilus
481 2516 605 2545 Ecclesiae
635 2519 737 2555 absque
755 2521 819 2549 cieri
837 2526 950 2552 consilio
980 2527 1006 2554 iu

271 2569 282 2586 ‹
303 2560 406 2589 alienos
433 2570 500 2589 usus
523 2564 662 2597 transfert,
690 2574 776 2600 pcense
803 2569 837 2596 ab
865 2577 899 2598 eo
918 2579 1009 2599 coram

270 2616 278 2631 ‹
299 2608 400 2642 synodo
424 2608 578 2643 exigantur.
606 2610 636 2638 Si
664 2620 727 2640 vero
755 2622 815 2648 qua:
846 2618 1010 2652 pauperibus

269 2662 278 2678 ι
300 2653 388 2679 debita
414 2659 477 2680 sunt
503 2655 528 2681 in
544 2657 666 2691 proprios
683 2666 747 2686 usus
768 2663 940 2695 converterit,
969 2663 1009 2690 sic

266 2707 276 2723 ι
298 2699 377 2724 etiam
395 2701 500 2734 synodo
518 2702 637 2730 rationes
653 2703 757 2730 reddat.
772 2713 782 2730 ι

267 2743 318 2776 Qui
338 2747 469 2782 pretiosas
491 2747 629 2775 hominum
650 2749 756 2777 animas
770 2751 822 2778 sibi
849 2752 930 2781 habet
946 2761 1011 2781 con-

231 2789 359 2822 creditas,
386 2791 471 2818 multo
484 2793 570 2825 magis
580 2802 586 2806 ι
597 2796 687 2820 rerum
702 2794 950 2825 ecclesiasticarum
962 2807 1010 2833 pn-

232 2842 358 2865 tn-statem
380 2838 488 2869 haheat.
501 2843 531 2866 ut
542 2846 589 2867 cas
609 2840 756 2874 egentibus
771 2850 819 2877 per
835 2845 1010 2880 presbyteros

232 2889 259 2911 et
273 2883 400 2912 diaconos
423 2884 582 2920 distribuat,
610 2891 638 2914 et
661 2886 711 2915 sibi
728 2889 809 2916 ctiam
833 2891 1009 2924 concedahsi

1099 2447 1109 2463 ι
1129 2437 1199 2464 ἔστω
1212 2436 1384 2472 πραγμάτων
1396 2444 1404 2452 ·
1418 2437 1443 2462 εί
1456 2437 1484 2462 δέ
1503 2437 1540 2472 μὴ
1556 2437 1674 2466 ίκανοῖτο
1697 2440 1755 2472 τοῖς
1776 2440 1843 2468 ἱκα-

1100 2493 1109 2508 ι
1133 2483 1223 2509 νοῦσιν
1238 2481 1324 2515 αὐτῷ.
1337 2482 1406 2508 ἀλλὰ
1417 2482 1451 2509 τὰ
1472 2483 1624 2519 πράγματα
1643 2485 1690 2512 καὶ
1711 2477 1778 2519 τοὺς
1792 2488 1846 2514 πό-

1101 2537 1110 2554 t
1133 2537 1196 2564 ρους
1214 2528 1377 2562 μεταὸάλλοι
1391 2528 1442 2560 τῆς
1458 2529 1623 2564 Ἐκκλησιας
1639 2530 1676 2567 μὴ
1690 2532 1764 2567 μετὰ
1774 2534 1849 2567 γνώο

1101 2585 1110 2601 ι
1136 2584 1189 2610 μης
1203 2574 1250 2601 τοῦ
1273 2575 1387 2609 κλήρου,
1404 2576 1611 2616 εἰσπραττέσθω
1625 2576 1705 2610 δίκας
1718 2579 1774 2614 np?)
1792 2578 1845 2616 τῆς

1100 2631 1109 2647 ι
1133 2621 1252 2648 συνόδου.
1267 2621 1298 2647 El
1313 2621 1402 2647 δὲκαὶ
1426 2622 1460 2648 τὰ
1483 2621 1597 2657 πένησιν
1620 2622 1783 2659 ὀφειλόμενα
1801 2625 1846 2658 εἰς

1099 2675 1109 2691 ι
1130 2666 1225 2693 ἑαυτιν
1241 2665 1436 2701 σφετερίζοιτο,
1456 2666 1502 2693 καὶ
1525 2666 1599 2693 οὕτω
1620 2668 1653 2704 τῇ
1674 2669 1778 2705 συνόδῳ
1796 2669 1844 2697 λό-

1096 2721 1105 2737 ι
1128 2720 1193 2746 γους
1209 2711 1315 2738 διδότω.
1339 2720 1349 2737 ι
1659 2709 1662 2712 ⁴

1100 2757 1129 2784 '0
1143 2757 1190 2789 τὰς
1204 2757 1298 2791 τιμίας
1314 2757 1368 2784 τῶν
1383 2757 1537 2794 ἀνθρώπων
1551 2759 1640 2795 ψυχὰς
1652 2759 1844 2795 ἐμπεπιστευ-

1064 2802 1144 2838 μένος
1157 2802 1246 2838 πολλῷ
1266 2803 1367 2838 μᾶλλον
1388 2804 1422 2831 ἂν
1440 2805 1516 2840 σχοίη
1534 2805 1590 2832 τῶν
1614 2806 1665 2842 τῆς
1691 2807 1845 2842 ἐκκλησίας

1064 2849 1235 2884 πραγμάτων
1257 2849 1307 2885 τὴν
1331 2849 1465 2884 ἐξουσίαν,
1491 2850 1562 2878 ὥστε
1589 2851 1728 2888 διανεμειν
1753 2853 1844 2893 ταῦτα

1062 2894 1118 2925 τοῖς
1133 2893 1270 2928 δεομένοις
1283 2894 1327 2921 διὰ
1343 2895 1397 2922 τῶν
1411 2896 1608 2932 πρεσϐυτέρων
1622 2897 1670 2924 ναὶ
1685 2897 1820 2926 διακόνων
1833 2908 1842 2917 ·

1518 3194 1542 3195 ε
