4052 6428
316 365 455 429 ὶ349

1453 364 1533 425 1N
1572 363 1733 426 CAN.
1779 363 1889 425 vn
1929 344 2137 425 coNc.
2178 362 2378 424 LAOD

3380 369 3517 431 135:0
3660 372 3672 382 ’

312 480 529 545 εῖρηται
578 475 636 530 έν
664 476 764 548 ,τῷ
818 476 1021 549 πρώτῳ
1074 476 1262 531 κανόνι
1312 475 1423 529 τῶν
1470 474 1631 545 ἱερῶν
1656 471 1860 527 ἁποστό

1990 481 2233 538 tuentur,
2278 473 2370 529 Dei
2404 474 2769 555 maiestatem,
2822 473 2896 528 ita
2938 474 3177 530 vicissim
3210 476 3279 531 ob
3307 491 3394 541 ea,
3429 495 3551 547 qum

309 562 440 618 λων.

1988 566 2176 620 virtuti
2211 566 2592 627 adversantur,
2632 566 2723 633 qui
2768 580 2959 635 parum
2992 565 3161 620 ﬁrmis
3192 566 3317 622 ﬁdei
3349 570 3550 625 radici-

312 654 413 710 bus
444 654 720 721 nituntur,
754 658 941 711 divino
972 658 1177 713 numini
1207 658 1512 727 petulanter
1533 656 1866 712 obtrectant.
1930 657 2041 712 Cur
2088 667 2270 713 autem
2313 653 2674 713 ordinationis
2740 658 2963 714 nomine
3008 659 3205 714 electio
3278 662 3553 732 signiﬁce-

311 757 421 811 tur,
471 763 556 801 am
590 751 767 818 primo
799 764 1084 803 sacrorum
1117 750 1490 817 apostolorum
1520 763 1732 801 canone
1771 750 1904 803 satis
1941 748 2356 817 explicavimus.

309 839 533 894 ΑΡΙΣΤ.
591 860 609 893 ι
643 842 710 894 Αἱ
759 840 1085 911 χειροτονίαι
1146 840 1234 892 ἐπ’
1275 839 1647 910 ἀκροωμένοις
1686 839 1747 893 οὐ
1790 839 1878 908 γί-

383 949 402 981 ι
453 948 654 987 νονται.
692 951 708 983 Ι

375 1022 622 1092 Λὶεὐχαὶ
673 1022 782 1075 τῶν
819 1024 1306 1093 χειροτονουμένων
1351 1022 1452 1075 οὐκ
1508 1019 1881 1090 ἒκφωνοῦνται
1948 1060 1951 1063 .

307 1114 577 1184 μεγάλως,
618 1112 758 1168 ὥστε
789 1115 879 1168 τὸν
900 1115 1027 1168 λαὸν
1051 1114 1425 1185 ἐπακροᾶσθαι
1454 1112 1663 1166 αὐτῶν.

905 1205 1145 1259 ΚΑΝΩΝ
1190 1208 1246 1273 c;
1265 1245 1282 1260 .

270 1360 275 1367 _
310 1314 331 1349 ι
372 1296 507 1365 Περὶ
528 1296 621 1350 τοῦ
649 1297 724 1366 μὴ
750 1300 1052 1366 συγχωρεῖν
1081 1298 1194 1360 τοῖς
1216 1298 1512 1368 αἱρετικοῖς
1540 1295 1765 1348 εἰσιέναι
1795 1294 1874 1357 εἰς

380 1402 400 1437 ι
432 1387 522 1439 τὸν
542 1381 690 1438 οἶκον
724 1385 817 1439 τοῦ
839 1386 996 1452 Θεοῦ,
1032 1387 1392 1456 ἐπιμένοντας
1418 1387 1486 1455 τῇ
1513 1386 1743 1454 αἱρέσει.
1778 1403 1797 1435 ι

374 1561 569 1615 ΒΑΛΣ.
602 1562 784 1634 Σαφὴς
811 1565 840 1617 ὁ
876 1581 1000 1619 καν.
1025 1566 1098 1618 Οὐ
1122 1564 1229 1635 γάρ
1262 1564 1534 1635 συγχωρεῖ
1563 1563 1676 1625 τοῖς
1727 1563 1874 1634 αἱρε-

301 1653 474 1714 τικοῖς
496 1653 817 1721 ἐπιμένουσι
854 1657 920 1725 τῇ
954 1655 1163 1726 αἱρέσει
1196 1653 1678 1723 συνεκκλησιάζειν
1736 1653 1874 1723 μετὰ

303 1742 623 1813 ὀρθοδὸξων.
669 1745 973 1813 ’Δνάγνωθι
1007 1747 1100 1799 καὶ
1126 1746 1217 1799 τὸν
1246 1746 1292 1799 θ’
1324 1763 1445 1800 καν.
1489 1744 1585 1798 τοῦ
1616 1746 1872 1815 άρχιεπι·

303 1852 508 1888 σκοπου
532 1836 939 1907 ’Δλεξανδρείας
964 1839 1252 1906 Τιμοθέου.

370 1925 611 1982 ΖΩΝΑΡ.
644 1929 708 1981 Οἱ
739 1931 984 1998 αἱρέσεσι
1031 1928 1441 1999 περιπεσόντες.
1491 1929 1587 1982 καὶ
1621 1928 1876 1998 μένοντες

299 2016 359 2069 ὲν
381 2018 591 2083 αὐταῖς,
623 2017 722 2087 τῆς
760 2019 1086 2089 Ἐκκλησιας
1112 2016 1606 2087 ὲξοστρακίζονται,
1634 2017 1709 2081 ὡς
1729 2017 1874 2071 ταύ-

300 2123 401 2177 της
426 2107 719 2179 ἀλλότριοι.
740 2106 879 2175 ’Πῶς
903 2106 998 2164 οὖν
1026 2114 1104 2173 εἰς
1147 2111 1240 2163 τὸν
1269 2106 1419 2163 οἷκον
1450 2108 1544 2164 τοῦ
1574 2110 1711 2163 Θεοῦ
1740 2127 1873 2178 συγ⁴

301 2198 718 2271 χωρηθήσονται
748 2202 1013 2268 εἰσιέναι;
1059 2202 1120 2256 Ὃ
1150 2203 1209 2256 δὲ
1254 2203 1683 2273 ἀρχιεπίσκοπος
1723 2203 1873 2256 Ἀλε-

300 2290 585 2361 ξανδρειας
613 2293 899 2362 Τιμόθεος,
948 2296 1078 2365 περὶ
1130 2295 1321 2348 τούτου
1381 2297 1697 2367 ἐρωτηθεὶς,
1742 2298 1875 2350 ἀπε-

303 2382 528 2453 κρίνατο
576 2387 632 2437 ὲν
686 2388 868 2440 κανόνι
916 2386 963 2440 θ’
1014 2388 1097 2441 ὅτι
1139 2387 1239 2440 οὐκ
1280 2386 1590 2456 ὀφείλουσιν
1619 2389 1678 2440 έν
1735 2388 1867 2460 εὐχῇ

304 2481 556 2551 παρεῖναι
584 2478 856 2548 αἰρετικοὶ
874 2520 889 2544 ,
914 2480 963 2532 si
994 2478 1070 2551 μὴ
1100 2478 1527 2548 ἐπαγγέλλονται
1561 2481 1866 2549 μετανοεῖν,

302 2572 394 2625 καὶ
427 2569 718 2640 ἐκφεύγειν
747 2570 846 2641 τὴν
872 2569 1108 2641 αἰρεσιν.

407 2747 634 2802 ΛΡΙΣΤ.
666 2766 685 2800 ι
718 2747 1024 2817 Διρετικοῖς
1061 2746 1122 2799 τὸ
1150 2747 1294 2818 ἱερὸν
1326 2746 1676 2803 ἀνεπίϐατον.
1733 2766 1752 2800 ι

371 2843 448 2896 Οὐ
483 2840 893 2912 συγχωροῦνται
914 2843 1181 2913 αἱρετικοὶ
1205 2843 1287 2904 εἰς
1312 2840 1405 2893 τὸν
1439 2837 1588 2894 οἷκον
1613 2840 1708 2896 τοῦ
1734 2842 1868 2898 Θεοῦ

296 2934 547 3003 εἰσιέναι,
582 2933 684 2987 κᾶν
707 2934 736 2984 ό
771 2933 945 3002 μέγας
974 2932 1274 2997 Βασίλειος,
1314 2932 1466 2985 οῠπω
1500 2931 1596 2985 τοῦ
1645 2934 1870 2998 κανόνος

298 3024 493 3078 τούτου
521 3023 855 3086 ἐκτεθέντος,
886 3022 969 3092 τῷ
1006 3022 1337 3092 πληρώματι
1376 3023 1484 3077 τῶν
1527 3022 1736 3078 πιστῶν
1757 3025 1865 3079 Οὑ-

298 3115 497 3169 άλεντα
528 3113 881 3185 παρεδέξατο.

374 3260 379 3265 ,
898 3205 1132 3262 ΚΑΝΩΝ
1168 3204 1242 3260 Z'.

302 3316 326 3350 ι
365 3299 502 3369 Περὶ
543 3298 637 3352 τοῦ
681 3302 807 3362 τοὺς
864 3299 931 3352 ὲκ
990 3298 1099 3352 τῶν
1157 3299 1443 3369 αἱρέσεων,
1508 3298 1650 3352 τοῦτ’
1690 3299 1859 3363 ἔστιν,

372 3408 391 3442 ι
436 3389 790 3443 Ναυατιανῶν
832 3390 951 3460 ἦτοι
979 3376 1365 3443 Φωτεινιανῶν
1400 3388 1510 3461 (56)
1563 3390 1596 3460 ἢ
1656 3390 1862 3443 Τεσσα-

374 3500 394 3533 ‹
440 3479 948 3550 ρεσκαιδεκατιτῶν,
1006 3479 1502 3550 ἐπιστρεφομένους
1519 3480 1697 3533 εῐτουν
1757 3496 1862 3533 κα·

366 3591 385 3624 ι
428 3572 795 3644 τῃχουμένους
825 3573 932 3625 εἴτε
962 3572 1183 3631 πιστοὺς
1212 3572 1339 3633 τοὺς
1361 3569 1491 3639 παρ’
1510 3570 1760 3635 ἐκείνοις,
1785 3570 1862 3641 μὴ

368 3685 386 3715 ι
437 3663 852 3735 προσδέχεσθαι,
880 3663 1009 3733 πρὶν
1046 3661 1487 3730 άναθεματὶσωσι
1543 3663 1723 3715 πᾶσαν
1768 3662 1858 3714 αῖ-

369 3779 387 3809 ι
441 3775 610 3828 ρεσιν,
644 3756 938 3825 ἐξαιρέτως
974 3754 1032 3808 δὲ
1059 3756 1117 3807 ὲν
1148 3748 1518 3824 ἦκατείχοντο
1553 3770 1566 3784 ο
1615 3756 1711 3805 καὶ
1733 3752 1856 3808 τότε

368 3870 387 3901 ι
432 3848 618 3902 λοιπὸν
651 3848 776 3909 τοὺς
809 3844 1133 3914 λεγομένους
1182 3844 1314 3915 παρ’
1372 3846 1553 3907 αὐτοῖς
1605 3846 1850 3911 πιστοὺς,

368 3962 387 3989 ι
432 3937 868 4009 ἐκμανθάνοντας
888 3936 956 3989 τὰ
977 3937 1074 4006 τῆς
1102 3936 1340 3999 πίστεως
1404 3930 1671 4007 σύμϐολα,
1728 3955 1851 4008 χρι-

366 4050 387 4084 ι
436 4030 658 4091 σθέντας
690 4045 746 4081 τε
787 4027 872 4098 τῷ
904 4027 1044 4099 ἁγίῳ
1074 4029 1357 4098 χρίσματι,
1408 4027 1548 4081 οὕτω
1585 4031 1859 4084 κοινωνεῖν

373 4143 393 4177 ι
434 4125 542 4177 τῶν
575 4121 887 4193 μυστηρίων
916 4121 1022 4173 τῶν
1051 4121 1242 4188 ἁγίων.
1284 4139 1303 4173 ι

360 4215 555 4268 ΒΑΛΣ.
628 4209 926 4277 Ἀνάγνωθι
971 4210 1062 4262 τὸν
1106 4208 1151 4275 ζ’
1211 4211 1409 4265 κανόνα
1448 4212 1544 4282 τῆς
1598 4212 1856 4283 δευτέρας

293 4305 539 4365 συνόδου,
559 4302 649 4355 τὸν
684 4297 747 4354 tb'
780 4301 979 4353 κανόνα
999 4299 1098 4370 τῆς
1123 4306 1192 4367 α’,
1229 4300 1320 4353 τὸν
1360 4305 1437 4369 ιβ’
1492 4303 1592 4371 τῆς
1649 4302 1811 4372 ἕκτης
1843 4315 1861 4333 ο

290 4396 384 4451 ita).
404 4394 578 4466 μάθῃς
611 4390 741 4460 περὶ
767 4372 966 4444 ὤνκαὶ
986 4390 1014 4441 ὁ
1052 4387 1248 4457 παρὼν
1280 4389 1459 4443 κανὼν
1487 4390 1727 4455 διέξεισι.
1792 4442 1795 4445 λ

1983 838 2213 895 ARIST.
2275 836 2721 894 c'Ot-dinatioues
2767 855 2950 895 coram
3010 839 3364 897 audientibus
3438 861 3544 900 non

2535 945 2554 977 ι
2585 928 2951 982 celebrantur.
2991 946 3009 980 ι

2053 1015 2438 1073 Ordinatorum
2469 1034 2656 1089 preces
2686 1034 2880 1088 magna
2924 1032 3057 1074 voce
3090 1035 3198 1076 non
3233 1024 3544 1094 exprimen-

1987 1116 2100 1177 tur,
2130 1111 2268 1167 adeo
2288 1119 2347 1166 ut
2377 1112 2608 1182 populus
2632 1127 2725 1166 eas
2756 1112 2964 1167 audiat.

2555 1199 2783 1257 CANON
2833 1201 2925 1257 VI.

1983 1311 2004 1344 ‹
2052 1292 2172 1348 Non
2216 1310 2341 1351 esse
2390 1296 2807 1366 permittendum
2859 1296 3149 1363 haaretieis,
3214 1308 3275 1352 ut
3330 1299 3383 1353 in
3449 1300 3542 1354 do-

2054 1402 2073 1436 ι
2120 1388 2265 1438 mum
2303 1388 2395 1442 Dei
2453 1389 2850 1457 ingrediantur,
2881 1390 2950 1458 .‘si
2987 1391 3039 1443 iu
3090 1391 3279 1445 haeresi
3332 1406 3545 1461 perma-

2052 1494 2073 1528 ι
2118 1488 2304 1533 neant.
2343 1498 2362 1531 ι

2048 1564 2242 1621 BALS.
2281 1566 2473 1622 Canon
2521 1577 2606 1623 est
2644 1583 2888 1639 apertus.
2940 1569 3057 1626 Non
3093 1573 3238 1626 enim
3274 1574 3541 1642 permittit
3634 1632 3641 1641 δ

1978 1650 2270 1718 haereticis,
2300 1653 2353 1707 in
2388 1654 2576 1708 haeresi
2621 1656 3084 1723 permanantibus,
3134 1672 3239 1710 uua
3271 1672 3394 1711 cum
3441 1673 3532 1711 or-

1977 1743 2232 1800 thodoxis
2257 1746 2309 1798 in
2339 1746 2589 1801 ecclesiis
2616 1762 2796 1816 agere.
2852 1744 2995 1817 Lege
3015 1748 3181 1801 etiam
3220 1763 3488 1804 canonem
3511 1750 3544 1805 9

1908 1863 1949 1918 Β
1990 1835 2259 1890 Timothei
2294 1838 2633 1892 Alexandria:
2662 1839 3085 1908 archiepiscopi.

2047 1927 2299 1984 ZONAR.
2351 1928 2454 1996 Qui
2497 1931 2550 1984 in
2595 1931 2832 1986 haereses
2877 1931 3015 2001 lapsi
3080 1941 3230 1994 sunt,
3291 1948 3465 2001 neque
3508 1949 3538 1987 a

1977 2020 2281 2087 pertinacia
2308 2020 2617 2084 discedunt,
2651 2028 2804 2075 extra
2839 2020 3163 2086 Ecclesiam,
3190 2032 3449 2093 tanquam
3470 2032 3538 2077 ab

1973 2126 2036 2165 ea
2061 2112 2244 2177 alieni,
2273 2112 2580 2181 ejicieutur.
2609 2113 2714 2179 Qui
2748 2114 2966 2168 tandem
3011 2114 3177 2182 igitur
3208 2116 3315 2171 illis
3355 2117 3407 2170 in
3447 2116 3544 2171 do-

1972 2212 2118 2251 mum
2172 2195 2263 2250 Dei
2299 2196 2633 2267 ingrediendi
2678 2196 2904 2252 iaculum
2944 2199 3092 2252 erit?
3134 2200 3538 2255 Alexandrinus

1973 2304 2101 2344 vero
2151 2289 2596 2358 arehiepiseOpus
2647 2288 2999 2355 Timotheus,
3050 2307 3172 2345 cum
3232 2293 3300 2348 de
3338 2295 3441 2349 hac
3481 2310 3541 2350 re

1970 2379 2256 2434 consultus
2303 2379 2519 2444 fuisset,
2554 2395 2699 2434 nouo
2725 2394 2964 2447 canone,
3000 2382 3302 2446 haereticos,
3337 2385 3444 2440 uisi
3479 2399 3541 2440 se

1972 2471 2348 2541 pmnitentiam
2382 2479 2601 2526 acturos
2637 2471 3001 2541 haeresimque
3030 2486 3384 2532 aversaturos
3427 2479 3540 2547 polo

1973 2558 2263 2627 liceantur,
2292 2561 2443 2617 nullo
2474 2563 2634 2616 modo
2667 2562 2733 2617 ad
2773 2563 3011 2618 lidelium
3052 2568 3403 2635 precationes
3434 2568 3535 2621 ad-

1972 2654 2268 2709 mittendos
2297 2669 2420 2710 esse
2449 2655 2754 2724 respondit.

1968 2743 2197 2801 ARIST.
2264 2765 2282 2799 ι
2316 2744 2596 2802 Hmreticis
2646 2762 2801 2801 saera
2846 2748 2996 2804 ardes
3042 2759 3128 2806 est
3170 2750 3529 2807 inaccessa.»

2042 2834 2326 2891 Hmreticis
2354 2835 2449 2891 Dei
2487 2838 2709 2892 domum
2769 2838 2979 2909 ingredi
3028 2855 3135 2894 non
3179 2843 3536 2910 permittitur,

1968 2929 2094 2985 licet
2117 2928 2356 2983 Basilius
2391 2943 2643 2999 magnus,
2692 2929 2796 2984 hoc
2826 2945 3040 2985 canone
3080 2933 3324 2988 nondum
3357 2952 3527 3007 expo-

1968 3020 2094 3084 sito,
2150 3021 2216 3075 ad
2247 3019 2484 3076 ﬁdelium
2549 3020 2965 3089 completionem
3019 3020 3302 3076 Valentem
3359 3028 3532 3078 admi-

1969 3119 2062 3167 ω’
2180 3186 2185 3191 ·
2542 3179 2772 3235 CANON
2822 3179 2940 3236 ιιι.

1967 3289 1990 3327 ι
2030 3271 2189 3341 Quod
2242 3272 2304 3337 ii,
2330 3272 2422 3343 qui
2454 3286 2521 3326 ex
2554 3271 2873 3339 haeresibus,
2908 3274 3008 3327 hoc
3035 3281 3141 3338 est,
3179 3272 3526 3342 Novatianis,

2041 3382 2061 3418 ι
2106 3366 2221 3420 sive
2261 3361 2617 3426 Pholiuianis,
2647 3371 2741 3416 aut
2769 3360 3280 3429 Quartadecimanis
3308 3381 3535 3425 conver-

2037 3476 2060 3512 ι
2105 3467 2313 3523 tuntur,
2367 3458 2481 3510 sive
2531 3455 2931 3519 eatechumeui,
2957 3456 3069 3510 sive
3100 3459 3193 3528 qui
3229 3460 3369 3527 apud
3409 3458 3532 3511 illos

2040 3569 2060 3604 ι
2107 3551 2291 3606 ﬁdeles
2346 3549 2621 3612 dicuntur,
2665 3564 2772 3601 non
2812 3558 2936 3602 sunt
2970 3547 3297 3604 .admittendi
3357 3552 3532 3620 prius-

2040 3662 2059 3694 ι
2104 3658 2265 3711 quam
2341 3654 2557 3693 omnem
2608 3638 2853 3691 ha-resim
2926 3639 3527 3708 anathematizaverint,

2039 3752 2058 3786 ι
2103 3744 2157 3787 et
2208 3732 2479 3803 praecipue
2533 3745 2652 3785 eam
2702 3730 2757 3785 in
2820 3744 2925 3799 qua
2987 3730 3417 3789 detinebantur:
3475 3744 3531 3787 et

2034 3844 2054 3879 ι
2093 3835 2223 3880 tunc
2284 3823 2538 3890 deinceps
2589 3838 2701 3884 eos,
2745 3822 2836 3890 qui
2885 3821 3026 3891 apud
3066 3822 3185 3877 illos
3228 3823 3414 3880 ﬁdeles
3448 3826 3530 3877 di-

2033 3937 2053 3970 ι
2098 3918 2383 3979 cehantur,
2424 3914 2546 3969 ﬁdei
2578 3913 2822 3984 symbola
2864 3911 3175 3975 discentes,
3220 3922 3275 3967 et
3326 3925 3519 3969 sancto

2033 4031 2052 4065 ι
2095 4011 2402 4068 Chrismate
2434 4008 2713 4069 inunctos,
2760 4006 2842 4061 sic
2864 4014 3054 4059 sancto
3084 4004 3346 4076 mysterio
3376 4024 3527 4059 cum-

2033 4123 2053 4158 ι
2094 4104 2396 4158 municare.
2437 4086 2470 4151 ι’
3430 4092 3439 4095 ’

2034 4192 2226 4249 BALS.
2257 4192 2396 4260 Lege
2435 4205 2697 4245 canonem
2744 4190 2775 4243 Ἰ
2812 4188 3067 4245 secunda:
3099 4188 3327 4257 synmli,l
3355 4203 3524 4242 cano-

1966 4303 2090 4342 nem
2135 4285 2206 4341 95
2251 4291 2439 4345 sextae,
2483 4290 2536 4334 et
2558 4282 2699 4336 scies
2731 4295 2793 4336 ea
2826 4281 2892 4335 de
2920 4278 3119 4349 quibus
3167 4277 3255 4331 hic
3308 4293 3525 4348 quoque

1973 4391 2211 4451 praesens
2237 4388 2410 4427 canon
2437 4378 2649 4426 tractat.
3366 4360 3371 4365 ’

1464 4500 1470 4505 ’
1501 4502 1687 4564 Guill.
1717 4493 2040 4574 Beveregii
2070 4496 2260 4552 noue.

364 4610 473 4684 (56)
506 4609 671 4684 Ἤτοι
705 4607 1144 4684 φωτεινιαινῶν..
1168 4607 1405 4684 Isidorus
1430 4607 1613 4684 Mech

293 4669 468 4740 verba
492 4693 599 4732 non
633 4676 779 4743 legit,
803 4679 886 4730 vel
911 4669 1101 4729 saltem
1126 4672 1320 4726 Latine
1350 4687 1455 4725 non
1482 4671 1662 4727 vertit.
1701 4669 1855 4724 Unde

289 4751 559 4810 Baronius
579 4747 907 4814 suspicatur,
933 4759 997 4798 ea
1019 4759 1083 4797 ex
1106 4758 1312 4797 canone
1333 4745 1855 4865 expungendaesse.

295 4825 492 4865 νιηιιιηι
522 4833 629 4865 non
671 4815 831 4865 modo
864 4828 1053 4865 omnes
1113 4814 1331 4865 codices
1417 4814 1590 4865 graeci.
1654 4811 1748 4863 sed
1806 4819 1855 4863 et

295 4825 492 4879 Verum
522 4833 629 4872 non
670 4811 831 4868 modo
864 4828 1053 4867 omnes
1113 4814 1331 4867 codices
1393 4811 1590 4875 Graeci,
1654 4811 1748 4863 sed
1806 4819 1860 4863 et

293 4891 589 4961 Dionysius
630 4886 871 4961 Exiguus
898 4883 1060 4951 legit;
1088 4881 1501 4961 prin-tamenim
1529 4883 1670 4961 hanc
1691 4894 1857 4961 cano-

289 4966 377 5020 nis
407 4950 612 5031 partem
642 4950 1160 5031 sie_i_nterpretatur:
1189 4950 1268 5031 De
1291 4951 1373 5005 Itis
1393 4952 1576 5031 quino
1601 4950 1857 5031 Itwreticis

289 5020 681 5090 sonuertuntur,
713 5025 766 5077 id
788 5020 903 5086 est;
930 5021 1265 5085 Navatianis,
1329 5031 1422 5074 aut
1480 5020 1811 5073 Photiuianis
1838 5057 1854 5083 ,

291 5112 387 5159 aut
413 5093 969 5157 Tessarescaidecatis,
1006 5092 1111 5145 sive
1136 5091 1384 5159 baptizati
1432 5092 1535 5144 sint
1588 5091 1687 5151 illi,
1747 5090 1853 5142 sive

288 5166 675 5230 catechumeui,
713 5180 817 5217 non
846 5174 967 5215 ante
1029 5162 1407 5228 suscipiantur,
1470 5176 1627 5230 quam
1676 5174 1851 5230 omnes

290 5229 513 5300 hwreses
545 5233 1015 5295 anathematizent,
1034 5232 1290 5300 prwcipue
1320 5229 1489 5284 illam
1521 5246 1625 5300 qua
1652 5229 1850 5300 detine-

289 5299 505 5367 bantur.
541 5307 647 5360 Sed
674 5304 880 5371 excipit
926 5302 1212 5363 Baronius,
1237 5299 1591 5354 Photiuianos
1622 5299 1840 5371 eosdem

283 5384 465 5439 fuisse
492 5390 653 5447 atque
675 5369 1060 5447 Paul—lanistas.
1088 5385 1240 5447 quos
1260 5385 1554 5447 conversos
1585 5383 1678 5437 per
1711 5369 1846 5447 bap:

285 5434 512 5508 tisﬁmﬁum
557 5434 893 5512 recipiendos
918 5458 1039 5498 esse
1074 5434 1314 5509 s'yuodus
1338 5438 1550 5512 Nicaeus
1586 5434 1713 5512 can.
1762 5434 1839 5512 _i9

288 5521 569 5584 decrevit;
626 5508 748 5570 cum
801 5514 1069 5584 praesenti
1097 5508 1307 5566 eauoue
1352 5525 1447 5566 eos
1489 5508 1843 5584 baptizandus

288 5607 413 5648 esse
444 5579 946 5655 non'przecipiatur,
980 5583 1073 5635 sed
1110 5591 1319 5636 tantum
1382 5596 1478 5650 per
1530 5579 1841 5632 catechiza-

289 5667 492 5718 tionem
524 5653 832 5713 etchrisma
859 5653 1221 5706 admittendos
1251 5670 1263 5705 :
1294 5663 1347 5706 et
1384 5658 1639 5719 praeterea
1657 5665 1686 5719 τι
1710 5663 1840 5719 eon-

288 5717 417 5788 eilio
434 5727 738 5785 Arelatensi
762 5723 1004 5777 secundo
1029 5722 1227 5776 statqu
1256 5717 1401 5784 esse,
1442 5720 1586 5789 quod
1651 5717 1839 5771 Photi-

288 5806 471 5857 m'auos
507 5802 612 5856 sive
644 5793 1011 5850 Paulianistas
1041 5791 1328 5846 secundum
1369 5790 1590 5845 Patrum
1631 5797 1836 5843 statuta

1031 4603 1134 4658 ῶν,
1168 4602 1405 4657 Isidorus
1430 4602 1698 4657 Μετοτιιον
1738 4600 1852 4665 iure
1882 4601 1926 4656 ι)
1959 4590 2220 4665 baptizari
2246 4596 2468 4665 oportet.
2496 4584 2706 4665 Concil.
2739 4582 2883 4665 Aret.
2920 4581 2976 4665 g.
3001 4596 3172 4665 “can.
3199 4580 3294 4665 _16.
3350 4579 3520 4637 Recte

1973 4652 2217 4731 quidem,
2250 4652 2342 4713 sed
2379 4652 3037 4731 animadvertere__debuit
3081 4654 3211 4731 quid
3276 4667 3527 4731 proauum

1968 4721 2213 4801 ejusdem
2253 4726 2473 4801 concdii
2498 4740 2706 4801 canone
2739 4723 3014 4801 deﬁnitur,
3046 4724 3322 4801 nimirum,
3346 4721 3523 4801 Bono-

1966 4791 2135 4857 siacos
2175 4808 2345 4851 autem
2375 4796 2437 4849 ab
2469 4797 2645 4849 eodem
2674 4809 2850 4847 errore
2893 4791 3367 4861 (Photiniauorum
3408 4797 3523 4861 sei-

1902 4878 1905 4887 Γ
1965 4874 2112 4942 licet)
2140 4871 2420 4942 venientes,
2453 4881 2579 4936 quos
2608 4866 2744 4917 sicut
2768 4859 2997 4942 _Arinnos
3037 4863 3301 4942 b_ap_tizari
3328 4859 3526 4942 inATri-

1964 4934 2128 4997 nitate
2143 4934 2478 5004 manifestum
2500 4946 2595 4995 est.
2618 4943 2741 4987 dum
2761 4934 3093 5004 interrogati,
3114 4934 3267 5002 ﬁdem
3288 4940 3522 4985 nostram

1962 5031 2027 5067 ex
2069 5023 2174 5065 toto
2196 5002 2349 5061 corde
2383 5006 2606 5074 confessi
2632 5006 2850 5071 fuerint,
2875 5020 2993 5056 cum
3018 5002 3299 5074 chrismate
3320 5011 3369 5074 et
3401 5018 3519 5054 ma~

1959 5099 2057 5137 nus
2086 5079 2418 5148 imposilione
2450 5072 2503 5129 in
2531 5073 2766 5128 Ecclesia
2779 5074 2950 5148 recipi
2971 5073 3178 5148 sufﬁcit.
3227 5072 3364 5126 Ibid.
3391 5084 3515 5148 cau.

1960 5153 2046 5207 17.
2078 5141 2176 5205 Hic
2204 5150 2345 5202 enim
2380 5148 2519 5201 idem
2557 5154 2717 5213 atque
2778 5144 2830 5196 in
2870 5144 3119 5213 praesenti
3183 5156 3393 5195 cauOue
3448 5141 3516 5194 de

1954 5238 2141 5276 eorum
2178 5219 2523 5286 suseeptioue
2570 5212 2939 5286 constituitur,
2960 5212 3098 5286 Jqui
3123 5213 3347 5286 eodem,
3406 5225 3514 5286 quo

1955 5270 2296 5353 ﬁlioli—iiii,
2323 5270 2515 5341 errore
2552 5285 2739 5338 Imbuti
2774 5270 2936 5337 sunt.
2958 5270 3258 5350 Kt'quidem
3295 5270 3512 5334 cuneilii

1954 5370 2447 5432 teiuporegomnes,
2483 5366 2541 5409 ut
2584 5356 2818 5432 videtur,
2846 5353 3189 5432 _Pht_itiu_iani,
3214 5366 3320 5432 non
3353 5364 3514 5432 secus

1949 5422 2336 5499 atqu'eAriaui.
2371 5428 2424 5480 in
2457 5427 2678 5479 nomine
2710 5423 2991 5499 Trinitatis
3045 5422 3318 5499 baptitati.
3359 5430 3509 5473 sunt.

1950 5492 2171 5554 Et'cum
2204 5498 2343 5552 inter
2377 5513 2565 5551 omnes
2585 5502 2795 5550 constet
2820 5497 3146 5546 Arianorum
3174 5492 3509 5560 baptismum

1947 5573 2017 5624 ab
2042 5568 2284 5625 Ecclesia
2324 5569 2593 5621 catholica
2633 5573 2892 5634 perpetuo
2921 5573 3201 5634 receptum
3235 5574 3377 5622 esse,
3402 5574 3508 5634 non

1945 5644 2143 5695 mirqu
2185 5646 2290 5702 est,
2323 5637 2466 5710 quod
2492 5627 2847 5710 Photiuiauos
2877 5638 2996 5689 sine
3051 5627 3385 5710 baptismate
3414 5627 3512 5680 de-

1942 5725 2049 5765 nuo
2098 5711 2294 5764 cotlato
2345 5707 2686 5776 recipiendos
2750 5720 2891 5770 esse,
2929 5719 2958 5759 ιι
3013 5707 3259 5774 praesenti
3302 5711 3515 5754 canone

1938 5781 2244 5838 sanciatur.
