4052 6404
376 372 510 435 13:57

1578 366 1663 426 IN
1693 364 1861 426 CAN.
1902 365 2015 425 ΧΠ
2055 365 2263 427 CONC.
2290 367 2503 426 ‘LAOD.

3457 365 3591 431 132.8

372 487 534 557 γυνὴ.
588 488 622 557 ἠ
677 484 958 557 ήγουμῖνη
1016 483 1258 554 δηλαδὴ,
1322 482 1513 535 πασῶν
1567 482 1932 551 προῖσταται;

2054 480 2097 533 it
2130 482 2181 534 in
2214 479 2537 535 feminarum
2585 478 2953 542 monasteriis,
2992 486 3049 530 et
3081 492 3185 533 una
3228 476 3442 540 mulier,
3475 495 3594 547 quae

388 580 667 641 ’Λκούσεις
720 581 829 650 γὰρ
888 580 969 632 ὅτι
1014 580 1046 648 ή
1102 580 1243 631 κατὰ
1313 577 1445 629 Θεὸν
1516 576 1767 645 ἀποταγὴ
1845 574 1938 626 καὶ

377 674 686 743 ἀπόκαρσις
754 674 855 735 τὰς
929 672 1125 734 πολλὰς
1191 670 1248 721 ἓν
1308 669 1467 737 σῶμα
1533 670 1678 721 ποιεῖ
1732 667 1937 735 λογίζε-

376 766 525 829 σθαι,
570 765 665 817 καὶ
713 766 890 818 πάντα
943 765 1010 817 τὰ
1060 763 1236 816 αὐτῶν
1286 762 1423 832 πρὸς
1479 761 1646 829 μόνην
1701 759 1937 829 ψυχικὴν

382 856 658 923 σωτηρίαν
718 853 987 924 ἀφορῶσι.
1020 852 1093 903 Τὸ
1142 851 1198 903 δὲ
1240 851 1522 903 διδάσκειν
1573 850 1807 917 γυναῖκα
1855 850 1937 911 είς

376 946 673 1014 ἐκκλησίαν
698 944 1012 1014 καθολικὴν,
1032 942 1161 996 ἔνθα
1179 941 1384 1010 πλῆθος
1409 941 1618 1008 ἀνδρῶν
1657 941 1939 1011 συναθροί-

372 1034 553 1097 ζεται,
585 1036 679 1088 καὶ
710 1035 987 1103 διαφόρων
1015 1033 1253 1102 γνωμῶν
1283 1031 1939 1101 γύναια,ἀπρεπέστατόν

380 1128 495 1179 ἐστι
526 1127 619 1178 καὶ
644 1106 912 1180 ὀλέθριον.

384 1284 391 1297 ί
449 1298 696 1354 ΖΩΝΑΡ.
721 1295 903 1351 Ἶισάν
950 1316 1069 1351 τινα
1101 1297 1250 1365 παρὰ
1298 1299 1411 1360 τοῖς
1458 1296 1703 1360 παλαιοῖς
1729 1297 1851 1365 ἔθη,
1883 1300 1942 1351 ὲν

372 1394 497 1453 ταῖς
554 1391 867 1461 ἐκκλησίαις
923 1374 1205 1462 γινόμενα,
1255 1384 1329 1444 ὧν
1384 1390 1453 1443 τὰ
1506 1391 1607 1460 μὲν
1662 1394 1689 1444 ό
1750 1393 1942 1462 χρόνος

378 1483 658 1552 ἠλλοίωσε,
690 1484 757 1537 τὰ
786 1484 843 1536 δὲ
876 1488 970 1536 καὶ
998 1484 1181 1536 τέλεον
1206 1482 1431 1547 ἔπαυσε,
1458 1482 1526 1535 τὰ
1566 1482 1623 1534 δὲ
1655 1485 1748 1535 καὶ
1778 1484 1940 1536 κανό-

380 1593 469 1638 νες
526 1576 936 1645 ἀπηγόρευσαν,
990 1569 1063 1628 ὧν
1094 1574 1150 1627 ἓν
1193 1570 1262 1645 ἦν
1322 1576 1415 1628 καὶ
1463 1575 1524 1627 τὸ
1571 1574 1942 1645 πρεσϐύτιδας

382 1683 532 1729 τινας
562 1668 799 1739 γηραιὰς
830 1669 1100 1735 γυναῖκας
1138 1668 1194 1718 ὲν
1226 1670 1347 1727 ταῖς
1392 1666 1712 1734 ἐκκλησίαις
1754 1666 1944 1718 τάττε-

372 1755 529 1823 -σθαι,
556 1758 651 1810 καὶ
691 1757 1117 1827 προκαθημένας
1163 1759 1442 1825 λέγεσθαι,
1469 1758 1805 1828 ἐξαρχούσας
1833 1759 1941 1813 τῶν

2041 570 2253 623 scilicet
2298 582 2513 639 prmest,
2550 572 2810 625 omnibus
2852 570 3146 639 praesidet?
3174 569 3377 624 Audies
3424 574 3593 632 enim,

2040 663 2185 730 quod
2215 678 2336 731 quae
2368 680 2435 718 ex
2469 662 2576 718 Deo
2616 663 2673 717 ﬁt
2708 665 3064 725 renuntiatio,
3098 672 3152 718 et
3192 672 3438 727 tonsura,
3471 664 3599 717 [ιιυὶι

2040 757 2100 802 ιιι
2143 753 2325 804 multae
2360 768 2527 805 unutn
2582 767 2782 823 corpus
2826 755 3213 807 existimentur
3259 769 3273 807 :
3318 761 3372 806 et
3414 754 3598 806 omnia

2040 852 2160 905 quae
2185 854 2313 893 sunt
2336 842 2603 910 ipsarum,
2633 844 2700 896 ad
2724 843 2896 897 solius
2930 842 3133 895 animae
3160 844 3388 896 salutem
3423 842 3599 910 respi-

2040 931 2214 984 ciunt.
2247 930 2455 987 Docere
2502 932 2683 988 aut'etn
2732 935 3010 989 mulierem
3053 935 3107 988 in
3141 934 3370 988 ecclesia
3411 937 3602 986 catho-

2040 1018 2167 1080 lica,
2205 1019 2296 1074 ubi
2326 1019 2566 1074 virorum
2601 1023 2889 1075 multitudo
2922 1032 3302 1092 congregatur,
3334 1030 3388 1077 et
3418 1021 3602 1074 diver~

2040 1125 2224 1165 sarum
2244 1113 2639 1165 sententiarum
2662 1112 2899 1176 feminae,
2922 1113 3009 1169 est
3029 1115 3262 1167 maxime
3283 1112 3601 1166 indecorum

2039 1212 2095 1258 et
2122 1205 2513 1271 perniciosum.

2106 1293 2363 1350 ZONAR.
2403 1295 2655 1363 Quaedam
2690 1300 2929 1369 antiquis
2957 1302 3299 1371 temporibus
3332 1305 3384 1357 in
3406 1306 3606 1360 .Ecclc-

2042 1386 2122 1440 sia
2150 1390 2576 1443 consuetudines
2606 1389 2756 1443 fuere.
2783 1407 2797 1454 ;
2828 1407 2966 1458 quas
2992 1395 3252 1461 temporis
3275 1396 3607 1450 diuturnitas

2042 1482 2237 1548 partim
2277 1481 2605 1545 itnntutavit,
2642 1485 2840 1550 partim
2877 1486 3102 1539 omnino
3129 1489 3379 1551 sustulit,
3413 1491 3609 1559 aliqua:

2037 1573 2203 1628 etiam
2227 1589 2291 1627 ex
2320 1576 2388 1628 iis
2417 1576 2700 1631 canonicis
2723 1577 2960 1632 decretis
2989 1579 3261 1648 abrogata:
3287 1594 3434 1637 sunt.
3459 1582 3610 1639 Talis

2045 1664 2135 1717 illa
2167 1678 2386 1732 quoque
2436 1664 2560 1726 l'uit,
2607 1672 2667 1718 ut
2712 1666 3068 1737 presbyteraz,
3106 1669 3299 1724 vetulae
3336 1672 3609 1736 mulieres,

2040 1754 2101 1807 in
2123 1755 2369 1808 ecclesiis
2395 1758 2886 1823 constituerentur,
2905 1774 3043 1829 quas
3062 1761 3227 1814 etiam
3255 1762 3613 1828 praesidentes

382 1824 778 1916 είσερχομένων
818 1850 898 1909 εἰς
931 1824 1051 1918 ’τὴν
1094 1824 1392 1918 ἐκκλησίαν
1421 1824 1723 1916 γυναικῶν,
1749 1848 1939 1919 ὥσπερ

2054 1842 2352 1909 vocabant;
2377 1860 2498 1914 qua:
2518 1845 2761 1915 quidem,
2787 1824 3219 1917 ingredientibus
3245 1824 3296 1904 in
3321 1852 3610 1906 ecclesiam

380 1936 736 2000 διδασκάλους
788 1938 880 1991 καὶ
907 1936 1253 2000 καθιστῶπας
1304 1938 1472 2000 αὐτὲις
1502 1938 1639 2009 πρὸς
1665 1938 1942 2003 εὐταξίαν,

382 2028 477 2079 καὶ
499 2029 646 2090 ὅπως
684 2030 779 2080 καλ⁸
802 2029 934 2080 ὅπου
963 2028 1069 2098 χρὴ
1105 2027 1306 2091 ταύτας
1329 2030 1552 2082 ἑστάναι
1581 2029 1945 2092 παιδευούσας

382 2117 572 2181 αὑτάς.
604 2119 821 2184 Ταύτας
853 2119 945 2172 οὖν
971 2120 1047 2191 μὴ
1071 2120 1181 2174 δεῖν
1210 2121 1461 2189 γίνεσθαι
1492 2123 1521 2174 ό
1552 2121 1733 2179 κανὼν
1775 2122 1945 2194 διορίο

391 2214 571 2279 (erat,
600 2212 633 2282 ἢ
662 2211 806 2265 οὕτω
840 2212 1147 2267 καλεῖσθαι.

379 2487 608 2543 ΑΡΙΣΤ.
675 2505 695 2537 ι
732 2488 799 2539 Ai.
851 2486 1142 2557 λεγόμεναι
1199 2487 1617 2557 προκαθήμεναι
1656 2490 1714 2540 ὲν
1741 2488 1944 2559 ἐκκληι-

724 2598 742 2630 ι
784 2580 925 2641 σίαις
959 2579 1033 2651 μὴ
1060 2578 1536 2633 καθιστάσθωσαν.
1578 2596 1599 2630 ι

458 2671 523 2725 Ei
581 2672 690 2742 γὰρ
742 2672 994 2724 πολιτικὰ
1052 2671 1287 2739 όφφίκια
1333 2670 1631 2723 κωλύονται
1680 2670 1949 2741 ἐνεργεῖν,

389 2766 506 2827 πῶς
536 2782 666 2816 ποτε
692 2767 750 2817 ἐν
776 2762 1044 2834 ἐκκλησίᾳ
1070 2762 1166 2815 τοῦ
1211 2762 1418 2834 κλήρου
1451 2762 1824 2833 πρωτεύουσι,
1850 2765 1948 2829 ,καὶ

378 2857 462 2918 ὡς
489 2857 729 2924 κεφαλάς
750 2873 901 2918 τινας
931 2855 1104 2909 ταῦτα
1128 2855 1312 2921 ’ἐξουσι
1341 2873 1357 2921 ;

988 2988 1227 3041 ΚΑΝΩΝ
1257 2988 1359 3041 lB'.

2048 1933 2288 1997 feminis,
2323 1936 2486 1989 veluti
2521 1938 2836 2006 magisterio
2862 1939 3098 2007 quodam
3130 1940 3440 2009 fungentes,
3475 1956 3613 2009 pra:-

2046 2034 2253 2090 essent,
2312 2041 2375 2080 ac
2430 2043 2534 2081 suo
2576 2045 2851 2098 quantque
2898 2031 3090 2085 ordine
3144 2033 3246 2085 rite
3307 2036 3612 2087 consistere

2041 2115 2317 2185 juberent,
2351 2128 2403 2173 et
2447 2135 2559 2189 quo
2587 2136 2864 2192 quamque
2899 2121 3041 2185 loco,
3074 2137 3250 2191 quove
3279 2122 3445 2177 modo
3485 2124 3611 2176 uni-

2044 2209 2248 2279 cuique
2299 2211 2553 2265 standum
2601 2224 2770 2279 esset,
2824 2214 3105 2268 docerent.
3158 2213 3236 2268 Ne
3282 2231 3402 2285 qua:
3449 2215 3613 2285 igitur

2047 2300 2362 2369 huiusmodi
2394 2303 2653 2358 mulieres
2693 2306 2992 2374 eligantur,
3026 2320 3163 2360 neve
3197 2304 3264 2360 iis
3294 2305 3612 2359 nominibus

2048 2405 2458 2462 nuncupentur,
2483 2410 2658 2449 canon
2692 2396 2963 2451 decernit.

2047 2484 2281 2541 ΑιιιδΤ.
2319 2503 2339 2536 ι
2378 2482 2566 2540 Vidua:
2595 2487 2951 2556 prtesideutes
2983 2488 3140 2544 dictae
3174 2488 3233 2549 in,
3259 2487 3511 2543 ecclesiis
3546 2476 3617 2542 ne

2557 2598 2575 2631 ι
2614 2582 3047 2636 constituantur.
3091 2600 3111 2632 ι

2127 2668 2184 2721 Si
2227 2668 2371 2722 enim
2406 2669 2627 2737 politica
2668 2670 2843 2724 cilicia
2886 2670 3038 2747 obire
3068 2669 3452 2738 prohibentur,
3485 2683 3622 2738 quo-

2056 2764 2217 2816 modo
2251 2778 2492 2832 unquam
2532 2764 2586 2816 in
2631 2764 2865 2818 ecclesia
2915 2763 3066 2817 clero
3115 2763 3383 2832 praesint,
3432 2770 3487 2816 et
3528 2775 3621 2814 eas

2056 2866 2315 2923 tanquam
2356 2859 2540 2925 capita
2565 2856 2818 2925 quaedam
2845 2854 3105 2909 habeant?

2644 2986 2874 3042 CANON
2916 2988 3033 3042 XII.

392 3147 416 3178 ι
458 3127 595 3197 Περὶ⁵
626 3124 721 3178 τοῦ
770 3124 894 3186 τοὺς
928 3122 1266 3184 ἐπισκόπους
1306 3120 1484 3192 κρίσει
1532 3121 1641 3172 τῶν
1676 3136 1952 3189 μητροπο-

2063 3143 2082 3176 ι
2117 3123 2273 3190 Quod
2313 3125 2561 3193 episcopi
2592 3131 3153 3192 metropolitanorum
3175 3132 3229 3177 et
3264 3124 3619 3181 ﬁnitimorum

467 3240 485 3270 ι
532 3219 695 3272 λιτῶν
737 3217 831 3272 καί⁸
874 3217 981 3270 τῶν
1016 3216 1177 3284 πέριξ
1222 3214 1539 3267 ἐπισκόπων
1589 3212 1953 3266 καθίστασθαι

468 3332 485 3363 ι
532 3315 612 3374 είς
644 3311 742 3381 τὴν
788 3310 1254 3379 ἐκκλησιαστικην
1292 3308 1486 3377 ἀρχὴν,
1536 3306 1693 3368 ὄντας
1733 3307 1796 3358 ὲκ
1825 3304 1953 3358 πολ-

468 3423 486 3456 ι
532 3401 625 3455 λοῦ
653 3400 1148 3469 δεδοκιμασμένους
1193 3414 1253 3450 τε
1294 3396 1539 3466 τῷλόγῳ
1572 3396 1669 3466 τῆς
1718 3395 1957 3458 πίστεως

465 3516 485 3549 ι
531 3498 626 3550 καὶ
654 3500 721 3568 τῇ
745 3495 837 3548 τοῦ
864 3493 1046 3556 εὐθέος
1077 3492 1249 3561 λόγου,
1268 3492 1532 3562 πολιτεία.
1569 3510 1587 3540 ι

462 3589 660 3643 ΒΑΛΣ.
686 3588 791 3640 Καὶ
818 3587 849 3637 ό
879 3584 1069 3655 παρὼν
1098 3583 1277 3636 κανὼν
1300 3583 1497 3635 κωλύει
1534 3583 1638 3634 ὑπὸ
1678 3582 1773 3634 τοῦ
1801 3581 1958 3652 ὄχλου

393 3682 521 3744 τοὺς
558 3664 891 3739 ἐπισκόπους
922 3674 1255 3745 ψηφίζεσθαι
1279 3690 1291 3701 ·
1330 3675 1426 3726 καὶ
1472 3673 1769 3741 διορίζεται
1802 3672 1955 3742 παρὰ

399 3771 810 3844 μητροπολιτῶν
835 3768 935 3822 καὶ
976 3767 1293 3819 ἐπισκόπων
1322 3764 1545 3826 τούτους
1571 3764 1954 3817 καθίστασθαι.

393 3864 841 3937 Παρακελεύεται
870 3862 927 3912 δὲ
957 3860 1217 3928 δοκίμους
1248 3853 1390 3909 εἶναι
1415 3856 1612 3917 αὐτοὺς
1636 3856 1780 3907 κατά
1807 3872 1867 3906 τε
1896 3855 1959 3907 τὸ

395 3963 572 4030 δόγμα
596 3958 691 4011 καὶ
720 3958 810 4010 τὸν
836 3956 970 4025 βίον.

466 4050 711 4108 ΖΩΝΔΡ.
735 4050 806 4101 Τὸ
830 4045 1060 4099 παλαιὸν
1081 4045 1129 4096 οί
1159 4044 1319 4112 δῆμοι
1348 4039 1458 4093 τῶν
1490 4039 1699 4092 πόλεων
1730 4036 1961 4109 ᾑροῦντο
2016 4080 2023 4093 η

395 4148 522 4209 τοὺς
552 4142 884 4201 ἐπισκόπους
914 4155 928 4168 ·
962 4139 1044 4190 ὃτι
1081 4136 1137 4188 δὲ
1161 4134 1382 4194 στάσεις
1414 4129 1667 4183 ἐντεῦθεν
1700 4128 1954 4199 ἠγείρον-

396 4258 481 4304 το,
509 4237 597 4291 διὰ
631 4235 788 4288 τοῦτο
814 4234 927 4293 τοῖς
958 4227 1281 4288 ἐπισκόποις
1316 4225 1555 4293 ἑκάστης
1598 4222 1868 4293 ἐπαρχίας
1894 4220 1961 4273 τὰ

399 4328 648 4401 περὶτῆς
722 4324 830 4378 τῶν
899 4319 1213 4375 ἐπισκόπων
1275 4316 1668 4375 καταστάσεως
1731 4312 1957 4401 ἀνετέθη

397 4399 745 4493 ψηφίσματα.
771 4416 1000 4483 Ἐπᾱιγει
1037 4413 1093 4464 δὲ
1121 4414 1146 4463 ό
1174 4408 1355 4462 κανὼν
1391 4410 1479 4460 καὶ
1508 4406 1654 4467 οἴους
1696 4405 1778 4456 δεῖ
1806 4399 1960 4473 ,εἶναι

2132 3236 2150 3268 ι
2188 3217 2567 3285 episcoporum
2583 3216 2810 3286 judicio,
2832 3217 2884 3269 iit
2904 3216 3278 3271 ecclesiastico
3300 3221 3623 3287 magistratu

2133 3325 2152 3358 ι
2188 3308 2560 3362 constituendi
2609 3318 2760 3372 sunt,
2809 3309 2901 3361 diu
2950 3308 3162 3378 probati
3209 3319 3264 3362 et
3312 3311 3368 3363 in
3412 3312 3625 3375 ratione

2138 3418 2158 3451 ι
2195 3402 2321 3457 ﬁdei
2351 3410 2405 3457 et
2438 3402 2493 3456 in
2528 3402 2665 3457 recti
2690 3402 2841 3456 verbi
2870 3402 3300 3469 disocnsatione.
3345 3423 3364 3454 ι

2131 3581 2326 3636 BALS.
2369 3580 2619 3637 Pt‘azsens
2669 3598 2888 3651 quoque
2923 3596 3101 3636 canon
3134 3582 3387 3651 prohibet
3416 3587 3628 3650 episco-

2062 3688 2161 3743 pos
2192 3687 2222 3725 a
2256 3672 2602 3727 multitudine
2631 3673 2754 3741 eligi
2780 3691 2796 3738 ;
2825 3681 2879 3726 et
2909 3689 3007 3726 eos
3042 3690 3068 3723 υ
3108 3673 3543 3740 metropolitanis
3573 3682 3628 3725 et

2060 3764 2338 3832 episcopis
2366 3765 2629 3817 constitui
2673 3776 2927 3833 Oportere
2964 3764 3236 3817 decernit.
3271 3763 3498 3817 l’robat'i
3526 3781 3628 3819 au-

2062 3864 2170 3908 tem
2204 3870 2299 3909 eos
2326 3855 2553 3914 iubetet
2587 3859 2639 3909 in
2671 3856 2945 3910 sententia
2977 3857 3111 3909 etin
3143 3857 3272 3909 vita.

2136 4028 2385 4083 ZONAR.
2431 4030 2624 4101 Populi
2668 4031 2949 4101 suffragiis
3000 4033 3131 4085 olint
3176 4032 3418 4102 episcopi
3464 4032 3629 4101 elige-

2060 4123 2411 4178 banturzsed
2432 4139 2555 4178 cuin
2586 4125 2767 4177 tnultze
2798 4125 2923 4177 inde
2956 4123 3253 4176 seditiones
3275 4132 3628 4189 exsisterent,

2066 4217 2191 4270 hinc
2240 4215 2440 4269 factum
2488 4227 2594 4278 est,
2650 4228 2706 4267 ut
2752 4216 3137 4285 episcOporum
3191 4217 3632 4287 uniuscujusque

2064 4307 2359 4375 provinciae
2415 4308 2746 4361 auctoritate
2803 4308 2927 4376 eligi
2980 4311 3301 4375 episcopum
3363 4324 3632 4377 quemque

2064 4410 2315 4468 oportere
2338 4400 2707 4453 decreverint.
2754 4400 2956 4451 Deinde
2998 4415 3123 4451 vero
3162 4405 3353 4468 quales
3391 4416 3508 4461 eos,
3538 4403 3631 4469 qui

397 4519 525 4578 τοὺς
554 4515 635 4575 είς
688 4509 995 4574 ἐπισκοπὴν
1048 4502 1596 4573 προχειριζομένους,
1629 4499 1799 4568 ἦγουν
1853 4494 1953 4564 πρὸ

2060 4492 2305 4561 episcopi
2335 4492 2555 4545 creandi
2593 4503 2741 4557 sunt,
2789 4506 2910 4545 esse
2941 4490 3155 4555 deceat,
3189 4506 3367 4545 canon
3401 4493 3631 4561 subjun-

400 4606 595 4661 πολλοῦ
625 4600 1115 4671 δεδοκιμασμένους
1139 4596 1194 4648 ἐν
1218 4613 1278 4647 τε
1306 4593 1382 4661 τῷ
1407 4592 1548 4661 λόγῳ
1570 4592 1666 4659 τῆς
1700 4589 1958 4649 πίστεως,

399 4700 679 4754 τουτέστιν
701 4693 874 4763 ὀρθῶς
900 4694 995 4743 καὶ
1024 4689 1194 4757 ὑγιῶς
1223 4686 1446 4757 ἔχοντας
1473 4686 1601 4753 περὶ
1622 4682 1721 4752 τὴν
1754 4682 1959 4744 πίστιν,

399 4794 435 4863 ἢ
461 4792 553 4845 καὶ
586 4788 784 4848 ἄλλως,
812 4785 932 4854 ἦτοι
982 4784 1111 4850 περὶ
1159 4781 1249 4833 τὸν
1285 4779 1571 4846 λόγονετῆς
1601 4776 1841 4859 πίστεως
1867 4791 1961 4842 γε⁹

398 4879 816 4951 γυμνασμένους
845 4873 939 4927 καὶ
972 4871 1250 4939 δοκίμους.
1289 4866 1378 4935 Τῷ
1421 4868 1519 4934 μὲν
1566 4866 1672 4933 γὰρ
1714 4864 1963 4933 Τιμοθέῳ

403 4977 629 5044 γράφων
653 4973 680 5023 ό
711 4970 885 5040 μέγας
923 4960 1480 5027 Παῦλος,διδακτικὸν
1504 4955 1643 5011 εἶναι
1673 4957 1786 5009 δεῖν
1816 4955 1963 5022 λέγει

398 5072 492 5125 τὸν
524 5065 828 5132 ἐπισκοπῆς
860 5060 1211 5130 ὀρεγόμενον·
1241 5054 1320 5124 τῷ
1349 5054 1495 5121 Τίτῳ
1525 5051 1569 5104 δ’
1606 5047 1961 5112 ἐπιστέλλων,

402 5161 759 5231 ἀντεχόμενον
806 5154 901 5207 τοῦ
946 5150 1087 5205 κατὰ
1144 5148 1366 5217 διδαχὴν
1420 5142 1616 5197 πιστοῦ
1666 5142 1848 5209 λόγου,
1878 5141 1966 5193 ἴνα

398 5255 620 5313 δυνατὸς
756 5248 851 5299 καὶ
924 5242 1263 5313 παρακαλεῖν
1306 5242 1363 5289 ὲν
1406 5240 1470 5307 τῇ
1525 5234 1845 5301 διδασκαλίᾳ.
1896 5234 1962 5301 τῇ

404 5344 742 5413 ὑγιαινούσῃ,
797 5342 889 5392 καί
917 5338 1043 5398 τοὺς
1082 5332 1462 5398 ἀντιλέγοντας
1516 5328 1791 5395 ἐλέγχεινο
1822 5324 1965 5376 οὕτω

403 5438 501 5507 μὲν
538 5433 630 5490 οὖν
652 5436 794 5503 ἒχειν
827 5434 918 5484 τὶν
966 5425 1271 5493 ἐπισκοπῆς
1320 5418 1765 5492 προστησόμενον
1800 5418 1858 5467 ἐν
1884 5415 1963 5483 τῷ

400 5535 543 5601 λόγῳ
570 5532 667 5598 τῆς
711 5528 947 5585 πίστεως
999 5525 1028 5574 ὁ
1070 5517 1254 5581 κανὼν
1305 5514 1689 5567 διατάττεται*
1721 5512 1778 5561 ἐν
1809 5510 1868 5560 δὲ
1896 5510 1962 5593 τῇ

404 5623 671 5689 πολιτείᾳ,
712 5620 878 5689 ἤγουν
923 5617 986 5684 τῇ
1043 5613 1136 5664 τοῦ
1188 5610 1302 5679 βίου
1349 5608 1619 5674 διαγωγῇ,
1666 5602 1963 5655 εὐθύτατον

404 5716 563 5779 εἶναι,
626 5716 700 5785 μὴ
757 5709 991 5768 σκολιὸν,
1058 5706 1132 5775 μὴ
1192 5701 1461 5771 πονηρίας
1521 5698 1756 5767 μεστὸν,
1826 5695 1964 5747 ἀλλὰ

406 5814 565 5866 κὰκεί
629 5805 1089 5874 δεδοκιμασμένον
1161 5796 1253 5849 καὶ
1296 5791 1612 5863 γνώριμον,
1667 5790 1748 5842 ὅτι
1801 5788 1965 5847 εὐθὺς

2063 4582 2163 4652 git,
2191 4582 2352 4653 IOngn
2385 4598 2488 4636 usu
2536 4583 2791 4637 videlicet
2836 4583 2889 4635 in
2925 4583 3137 4636 ratione
3172 4583 3296 4637 ﬁdei
3350 4587 3629 4651 probatos,

2062 4677 2168 4731 hoc
2189 4688 2292 4741 est,
2318 4676 2372 4728 in
2402 4676 2507 4730 ﬁde
2533 4692 2666 4729 sana
2690 4685 2944 4746 rectaque
2977 4687 3313 4741 constantes,
3339 4678 3424 4731 vel
3453 4679 3631 4740 aliter,

2062 4771 2118 4824 in
2150 4771 2217 4825 iis
2264 4786 2384 4840 qua:
2429 4772 2495 4823 ad
2532 4768 2654 4822 ﬁdei
2697 4771 2963 4823 rationem
3009 4778 3258 4837 spectant
3305 4773 3633 4827 exercitatos
3682 4808 3685 4809 ν

2062 4873 2119 4917 et
2168 4864 2450 4932 probatos.
2502 4860 2735 4930 Magnus
2775 4876 3013 4930 namque
3070 4860 3271 4915 Paulus
3323 4862 3391 4915 ad
3443 4861 3632 4916 Timo-

2064 4955 2250 5007 theum
2280 4954 2546 5016 scribens,
2579 4953 2672 5021 qui
2701 4952 3073 5022 episcopatum
3109 4953 3410 5019 desiderat,
3442 4963 3629 5024 aptum

2064 5045 2284 5099 caeteris
2305 5044 2625 5099 erudiendis
2653 5060 2777 5099 esse
2806 5055 3063 5114 Oportere
3094 5049 3434 5115 pronuntiat.
3467 5048 3531 5099 Et
3558 5048 3626 5100 ad

2067 5137 2249 5191 Titum
2289 5138 2564 5199 scribens,
2591 5138 3011 5205 amplectentetn
3040 5153 3165 5191 eum
3201 5140 3293 5207 qtti
3331 5137 3633 5192 secundum

2064 5229 2371 5284 doctrinam
2414 5241 2499 5283 est
2552 5231 2763 5281 ﬁdelem
2816 5245 3149 5291 sermonem,
3205 5240 3263 5282 ιιι
3328 5240 3521 5299 potens
3564 5232 3637 5284 sit

2065 5324 2340 5376 exhortari
2379 5322 2431 5372 in
2463 5337 2591 5373 sana
2618 5319 2890 5385 doctrina,
2924 5330 2980 5373 et
3010 5336 3106 5374 eos
3127 5322 3220 5389 qui
3246 5320 3635 5375 contradicunt

2067 5430 2320 5484 arguere.
2346 5414 2423 5467 Ac
2449 5414 2609 5467 talem
2640 5415 2859 5482 quidem
2892 5429 3013 5467 esse
3049 5428 3197 5479 eum,
3228 5413 3320 5482 qui
3343 5415 3634 5483 episcopus

2065 5505 2336 5559 creandus
2385 5512 2488 5561 est.
2539 5505 2593 5557 in
2633 5505 2845 5558 ratione
2896 5505 3057 5566 ﬁdei,
3108 5519 3285 5558 canon
3316 5506 3532 5571 jubet:
3574 5506 3635 5561 in

2070 5598 2251 5666 politia
2281 5612 2432 5657 vero,
2458 5596 2560 5649 hoc
2581 5605 2686 5660 est,
2710 5596 2919 5649 ratione
2937 5608 2991 5649 et
3012 5598 3262 5649 instituto
3287 5596 3425 5660 Viue,
3449 5596 3636 5650 rectis-

2069 5688 2221 5741 simis
2248 5686 2504 5741 sensibus
2525 5696 2771 5749 euntem,
2798 5702 2915 5742 .non
2943 5703 3194 5755 pravum,
3228 5704 3400 5757 neque
3422 5689 3632 5759 impro-

2071 5783 2240 5848 bum;
2274 5781 2366 5837 sed
2398 5782 2485 5836 hic
2512 5796 2730 5851 quoque
2762 5783 2913 5835 bona:
2950 5790 3089 5836 nota:
3114 5796 3176 5835 ac
3218 5790 3471 5851 spectata:
3506 5798 3637 5848 pro-
