4052 6412
459 366 598 432 1359

1674 363 1958 426 ΤΗΕΟΒ.
1998 361 2394 424 BALSAMON

3545 353 3696 419 1360

457 475 666 542 bitatis,
697 483 754 530 et
797 473 1042 530 moribus
1075 475 1302 530 omnino
1341 473 1642 545 inculpatis
1670 490 1794 532 esse
1822 475 2022 532 debere

2127 475 2152 528 ὁ
2185 475 2300 546 βίος
2347 472 2518 544 αὐτῷ,
2554 474 2647 527 καὶ
2687 475 2716 527 ὁ
2766 471 2989 544 τρόπος,
3019 474 3116 528 καὶ
3156 469 3470 543 η’πολιτεία
3496 470 3699 524 ἀνεπί-

453 568 720 624 decernit.

455 659 680 714 ARIST.
715 677 733 710 ι
774 659 877 725 Qui
929 659 1034 715 ﬁde
1085 672 1138 714 et
1179 659 1290 712 vita
1336 657 1757 727 probatissimos
1795 667 1913 717 est,
1955 669 2019 709 ac

538 771 556 803 ι
599 751 1035 830 eruditissimus,
1069 751 1296 804 idoneus
1321 757 1404 802 est
1432 747 1525 816 qui
1557 748 1610 800 in
1642 746 2016 814 episcOpatum

533 862 552 893 ι
593 843 848 910 eligatur.
887 861 904 892 ι

530 934 752 1004 Oportet
792 937 938 988 enim
972 934 1291 1004 episcopum
1334 931 1622 1002 probatura
1657 945 1778 985 esse
1825 927 1929 982 ﬁde
1967 934 2019 980 et

456 1026 598 1080 Loua
637 1025 770 1078 vita.

941 1115 1106 1188 459
1132 1113 1357 1170 C.\NON
1417 1114 1558 1168 xm.

461 1226 480 1258 ι
513 1208 662 1274 Quod
690 1210 862 1261 turbis
928 1224 1035 1260 non
1076 1208 1146 1259 sit
1201 1208 1638 1274 permittendum,
1693 1221 1877 1259 eorum
1926 1205 2018 1272 qui

533 1319 551 1351 ι
583 1311 710 1353 sunt
768 1299 821 1352 in
874 1299 1178 1354 sacerdotio
1242 1299 1650 1362 constituendi,
1690 1298 2018 1351 electionem

472 1439 476 1445 .
533 1412 552 1445 ι
578 1391 772 1446 facere.
787 1411 805 1443 ι

527 1483 726 1538 BALS.
773 1485 817 1536 A
862 1482 1111 1552 praesenti
1158 1497 1375 1551 quoque
1427 1495 1635 1536 canone
1686 1480 2012 1543 ostenditur,

458 1577 601 1644 quod
635 1575 930 1644 antiquitus
961 1590 1068 1628 non
1107 1573 1281 1630 solum
1335 1573 1572 1650 episcopi
1627 1571 1964 1641 eligebantur
1989 1587 2020 1625 a

461 1668 642 1738 populi
705 1667 1065 1732 multitudine,
1127 1669 1223 1722 sed
1277 1667 1438 1721 etiam
1491 1667 1836 1721 sacerdotes:
1881 1669 2022 1734 quod

461 1761 685 1814 velitum
707 1769 810 1814 est.

2119 568 2344 634 ληπτος.

2127 660 2352 712 ΑΡΙΣΤ.
2415 677 2432 709 ι
2475 658 2535 711 ὐ
2565 659 2744 711 πίστει
2773 657 2867 710 καὶ
2896 656 3140 726 πολιτείᾳ
3171 654 3572 723 δοκιμώτατος,
3593 654 3695 708 καὶ

2270 769 2286 800 ι
2327 750 2680 816 λογιώτατος,
2705 749 3013 819 ἐπιτήδειος
3040 751 3119 811 εἰς
3147 751 3476 819 ἐπισκοπὴν.
3519 769 3540 801 ι

2193 931 2283 979 Δεῖ
2311 931 2419 996 γὰρ
2463 928 2552 980 τὸν
2599 929 2897 981 ἐπίσκοπον
2928 927 3152 998 δόκιμον
3196 945 3340 982 ειναι
3389 930 3456 999 τῇ
3504 927 3699 980 πίστει

2113 1023 2215 1075 καὶ
2246 1021 2322 1091 τῷ
2362 1020 2508 1090 ὀρθῷ
2543 1021 2661 1091 βίῳ.

2720 1113 2959 1166 ΚΑΝΩΝ
2997 1111 3096 1168 ll".

2127 1224 2146 1257 ‹
2187 1207 2324 1274 Περὶ
2363 1205 2456 1258 τοῦ
2499 1205 2574 1276 μὴ
2603 1208 2711 1269 τοῖς
2759 1205 2934 1277 ὄχλοις
2962 1209 3280 1273 ἐπιτρέπειν
3317 1208 3415 1270 τὰς
3462 1206 3705 1275 ἐκλογὰς

2199 1317 2218 1348 ι
2257 1299 2527 1350 ποιεῖσθαι
2571 1298 2679 1351 τῶν
2724 1298 3029 1368 μελλόντων
3075 1298 3434 1352 καθίστασθαι
3487 1302 3567 1364 είς
3593 1301 3706 1352 ’ἱε-

2201 1410 2219 1440 t
2263 1394 2492 1458 ρατείον.
2517 1407 2535 1440 ι

2195 1481 2391 1534 ΒΛΛΣ.
2422 1480 2532 1534 Καὶ
2560 1481 2664 1532 ἀπ’,
2692 1479 2783 1532 τοῦ
2814 1480 3080 1550 παρόντος
3108 1478 3333 1542 κανόνος
3359 1477 3703 1549 παρίσταται

2121 1574 2203 1626 ὅτι
2235 1574 2293 1624 οὐ
2333 1572 2492 1641 μόνον
2527 1572 2815 1624 ἐπίσκοποι
2848 1573 2908 1623 τὸ
2949 1571 3179 1623 παλαιὸν
3229 1571 3558 1640 ἐψηφίζοντο
3586 1571 3702 1623 ὑπὸ

2122 1665 2228 1718 τῶν
2245 1665 2452 1734 ’ὖχλων,
2476 1663 2609 1717 ἀλλὰ
2638 1666 2729 1716 καὶ
2755 1664 2947 1734 ἱερεῖς,
2974 1663 3113 1732 ὅπερ
3138 1661 3410 1732 ἐκωλύθη.

527 1849 779 1907 ZONAB.
814 1849 1158 1914 Multitudini,
1195 1863 1304 1905 non
1337 1853 1622 1924 episcopos
1640 1864 1873 1917 tantttm,
1921 1851 2017 1904 sed

2191 1847 2434 1900 ΖΩΝΑΡ.
2480 1846 2555 1898 Οὐ
2607 1844 2768 1914 μόνον
2814 1845 3128 1896 ἐπισκόπων
3171 1842 3402 1912 ἐκλογὴν
3443 1845 3494 1894 οἱ
3548 1843 3702 1911 ὄχλοι

458 1943 766 1997 sacerdotes
802 1956 1038 2011 quoque,
1070 1940 1299 2011 eligendi
1341 1953 1611 2013 potestate
1674 1944 2018 1998 interdictum

2127 1940 2318 2009 nor.ei.'v_
2375 1935 2744 2005 ἐκωλύθησαν,
2803 1934 2918 1986 ἀλλ’
2965 1935 3085 1987 οὐδὲ
3147 1935 3308 2004 ίεορεῖς
3375 1933 3704 2002 ἐκλέγεσθαι

461 2035 586 2089 fuit.

458 2127 684 2182 ARIST.
721 2144 738 2178 ι
763 2126 865 2193 Qui
901 2143 930 2180 a
961 2126 1312 2182 saecularibus
1362 2126 1599 2197 eligitur,
1635 2141 1740 2182 nou
1797 2137 1879 2181 est
1922 2125 2020 2180 eli-

1057 2237 1077 2270 ι
1111 2219 1333 2288 gerulus.
1371 2236 1390 2270 ι

527 2309 772 2380 Episcopi
797 2309 1330 2379 metr0politauoruut
1383 2320 1439 2364 et
1459 2311 1836 2378 episc0porum
1891 2325 2018 2365 sen—

459 2402 622 2455 tentia
659 2401 1082 2456 constituuntur.
1113 2401 1168 2456 Si
1216 2403 1342 2471 quis
1367 2413 1677 2456 autemnon
1731 2403 1821 2456 illo
1865 2400 2024 2456 modo

458 2493 524 2543 ad
554 2495 918 2562 episcopatum
958 2503 1237 2562 promotus
1273 2492 1454 2558 fuerit,
1479 2494 1570 2546 sed
1607 2509 1634 2544 a
1677 2493 2022 2550 multitudine

457 2585 694 2655 eligitur,
727 2601 828 2640 nec
853 2586 1215 2641 adtuittemlus
1239 2597 1322 2639 est
1349 2603 1447 2641 nec
1478 2588 1775 2658 eligendus.

1053 2676 1279 2732 CANON
1311 2677 1453 2732 XIV.

463 2786 482 2818 ε
511 2765 663 2832 Quod
691 2775 897 2832 sancta,
924 2765 1096 2821 instar
1126 2767 1496 2836 eulogiarmn,
1540 2769 1592 2822 in
1638 2769 1774 2824 festo
1808 2771 2026 2826 Paschae

533 2877 552 2909 ι
574 2859 639 2912 'in
674 2859 808 2913 alias
837 2857 1102 2913 narwcias
1131 2860 1425 2913 transmitti
1454 2875 1561 2914 non
1591 2861 1840 2916 debeant.
1877 2881 1896 2915 ι

527 3033 724 3098 BALS.
751 3033 904 3100 Quod
933 3035 990 3090 fit
1018 3035 1174 3090 hodie
1201 3053 1230 3088 a
1260 3033 1469 3090 Latinis
1519 3037 1570 3090 iu
1609 3037 1745 3093 festo
1779 3037 2022 3094 Pascha:

2126 2027 2626 2100 παρεχωρήθησαν.

2119 2119 2338 2173 ΑΡΙΣΤ.
2392 2117 2810 2180 ιἈνεπίίλεκτος
2856 2117 3210 2186 ὁκοσμικοῖς
3279 2115 3699 2184 ἐκλεγόμενος»

2193 2293 2372 2364 Ψήφῳ
2401 2293 2508 2345 τῶν
2542 2293 2952 2365 μητροπολιτῶν
2982 2293 3196 2362 καὶιτῶν
3215 2295 3528 2346 ἐπισκόπων
3560 2293 3708 2348 καθ-

2125 2382 2367 2436 ίστανται
2397 2385 2445 2436 οἱ
2480 2385 2766 2439 ἐπίσκοποι
2812 2400 2826 2415 °
2861 2386 2915 2437 εἴ
2954 2401 3034 2448 τις
3059 2385 3114 2438 δὲ
3150 2387 3224 2455 μὴ
3253 2386 3477 2454 τοιούτῳ
3502 2385 3709 2456 προϐι-

2123 2474 2299 2544 6ασθῇ
2329 2478 2406 2538 είς
2438 2476 2763 2546 ἐπισκοπὴν,
2798 2476 2933 2528 ἀλλὰ
2968 2477 3120 2545 παρὰ
3142 2475 3259 2529 τῶν·
3277 2475 3449 2547 ὄχλων
3473 2476 3704 2550 ὲκλεγῇ,

2121 2563 2344 2626 ἄδεκτός
2374 2567 2489 2618 ἐστι
2524 2565 2619 2618 καὶ
2649 2565 3026 2632 ἀνεπίλεκτος.

2729 2660 2965 2714 ΚΑΝΩΝ
3001 2657 3097 2714 1Δ’.

2127 2769 2150 2804 ι
2183 2752 2322 2823 Περὶ
2349 2752 2443 2805 τοῦ
2481 2753 2556 2822 μὴ
2585 2752 2652 2805 τὰ
2681 2753 2810 2820 ἅγια
2841 2755 2919 2817 είς
2950 2754 3106 2822 λόγον
3137 2753 3398 2823 εὐλογιῶν
3424 2753 3569 2808 κατὰ
3596 2754 3708 2826 τὴν

2202 2864 2220 2897 ι
2260 2846 2451 2914 ἑορτὴν
2483 2845 2577 2898 τοῦ
2625 2847 2816 2915 Πάσχα
2852 2849 2929 2910 είς
2978 2847 3172 2916 ἑτέρας
3203 2849 3498 2916 παροικίας
3531 2865 3711 2917 μετα-

2203 2959 2223 2990 ‹
2261 2938 2597 3008 πέμπεσθαι.
2613 2958 2631 2992 ι

2195 3033 2393 3086 ΒΑΛΣ.
2431 3031 2610 3101 Ὅπερ
2637 3031 2843 3101 γίνεται
2869 3032 3108 3102 σήμερον
3134 3033 3287 3099 παρὰ
3316 3029 3424 3082 τῶν
3453 3027 3712 3083 Λατίνων

458 3125 787 3180 distribuunt
817 3127 962 3179 enim
999 3125 1154 3179 laicis
1186 3140 1398 3195 azyma,
1432 3138 1722 3195 postquam
1781 3127 2022 3182 sanctifi-

2129 3127 2272 3180 κατὰ
2306 3127 2409 3198 ’τὴν
2439 3127 2630 3197 ἑορτὴν
2661 3124 2753 3178 τοῦ
2790 3126 3020 3196 πάσχα·
3068 3124 3447 3195 ἐπιμερίζουσι
3489 3123 3601 3195 γὰρ
3627 3122 3710 3175 τὰ

459 3227 578 3272 cata
607 3218 827 3281 fuerint,
853 3216 1075 3284 perinde
1097 3231 1160 3270 ac
1189 3218 1495 3270 communia
1518 3235 1532 3271 :
1559 3217 1660 3272 hoc
1706 3219 1866 3272 etiam
1891 3220 2019 3274 olim

461 3309 623 3362 licbat
647 3324 676 3361 a
712 3308 934 3371 nostris,
967 3316 1024 3359 ut
1051 3317 1135 3360 est
1189 3305 1502 3375 verisimile,
1545 3309 1598 3361 in
1627 3309 1831 3362 sanctis
1865 3312 2022 3364 mini-

461 3399 665 3454 steriis.
693 3395 882 3451 Canon
926 3409 1054 3463 ergo
1110 3395 1212 3448 hoc
1262 3396 1546 3464 prohibet;
1583 3406 1635 3449 et
1667 3399 1858 3450 statuit
1915 3413 2021 3452 non

458 3498 580 3537 esse
613 3485 715 3536 huc
745 3493 798 3538 et
850 3483 977 3536 illuc
1036 3484 1408 3536 transferenda
1446 3496 1648 3549 sancta,
1686 3485 1908 3554 perinde
1960 3503 2024 3540 ac

458 3575 768 3630 communia
800 3582 854 3629 et
893 3574 1152 3640 vulgaria.

527 3667 777 3722 ZONAR.
841 3664 962 3720 Fuit
1031 3667 1133 3720 hoc
1183 3681 1404 3735 quoque
1465 3668 1669 3737 antiqui
1732 3670 1916 3733 moris,
1969 3682 2025 3723 ut

457 3769 670 3827 sancta,
703 3759 974 3828 particula:
1003 3758 1250 3812 videlicet
1291 3760 1462 3814 sancti
1498 3761 1739 3828 corporis
1793 3777 1858 3814 ac
1893 3778 2023 3815 san-

458 3852 640 3921 guinis
659 3850 882 3916 Christi,
923 3851 1140 3903 Pascha:
1177 3861 1444 3918 tempore,
1475 3853 1541 3905 ab
1577 3868 1681 3904 uua
1709 3854 1942 3919 parmcia
1970 3854 2021 3908 iu

458 3941 640 4005 aliato,
680 3941 1065 3995 benedictionis
1090 3941 1152 3994 iis
1197 3941 1263 3994 ad
1292 3957 1430 4009 quos
1487 3943 1771 3996 destinata:
1809 3943 2026 3998 fuerant

464 4032 838 4101 impertienda:
885 4045 1070 4096 causa,
1113 4032 1654 4086 transmitterentur:
1705 4035 1848 4103 quod
1906 4036 2026 4103 qui-

461 4126 582 4177 dem
615 4125 666 4176 in
701 4132 976 4191 posterum
1010 4139 1074 4175 ne
1098 4123 1276 4186 liceat,
1319 4121 1479 4190 hujus
1506 4126 1735 4179 canonis
1798 4128 2021 4181 decreto

461 4217 732 4270 sancitum
776 4225 880 4268 est.
912 4213 1102 4266 Divina
1139 4215 1283 4268 enim
1328 4217 1582 4285 mysteria
1611 4217 1785 4286 leugis
1817 4217 2025 4272 itineri-

461 4307 563 4360 bus
593 4306 957 4371 circumferri,
991 4320 1217 4375 quazque
1261 4311 1408 4360 omni
1469 4311 1816 4362 veneratione
1864 4313 2024 4378 digna

462 4396 733 4452 suntsiue
761 4401 962 4451 ltOlIOl'c
1006 4399 1239 4463 traduci,
1299 4413 1329 4451 a
1386 4403 1591 4452 ratione
1636 4401 2025 4470 honestateque

462 4493 696 4544 alienum
727 4505 847 4543 esse
879 4489 1071 4543 merito
1102 4503 1166 4543 ac
1195 4491 1280 4559 pie
1309 4491 1678 4544 existimatum
1710 4503 1809 4545 est.

462 4579 691 4637 ARIST.
738 4597 757 4634 ι
793 4580 991 4634 Sancta
1016 4582 1083 4634 ad
1120 4581 1280 4633 aliam
1311 4582 1608 4649 paraaciam
1667 4582 1896 4648 dimitti,
1942 4585 2027 4638 in-

1027 4690 1045 4722 ι
1083 4670 1301 4738 dignum
1329 4681 1463 4724 est.»

531 4764 633 4832 Qui
661 4766 837 4820 divina
864 4773 1208 4820 sacramenta
1234 4772 1318 4816 est
1363 4762 1805 4832 participaturus,
1854 4768 2028 4820 eccle-

461 4859 598 4911 siam
629 4861 804 4923 adeat,
840 4866 893 4910 et
916 4871 945 4909 a
973 4853 1258 4909 sacerdote
1289 4862 1383 4906 aut
1417 4868 1574 4908 sacro
1601 4855 1846 4908 ministro
1870 4871 2025 4910 com--

463 4950 771 5003 ntuuionetu
808 4947 1060 5012 accipiat,
1093 4945 1388 5000 secundum
1419 4961 1674 5013 magnum
1731 4946 2013 5004 Basilium.

465 5048 700 5093 Atsacra
754 5038 820 5089 ad
871 5037 1002 5089 alias
1054 5035 1191 5088 mitti
1245 5037 1534 5104 pat'tccias,
1592 5038 2027 5094 benedictionum

472 5142 662 5195 tustar,
704 5127 996 5197 indiguom-
1015 5137 1120 5182 est.

1047 5217 1274 5272 CANON
1325 5217 1442 5274 XV.

467 5331 486 5362 ι
526 5309 677 5377 Quod
709 5323 812 5362 non
851 5316 1082 5375 oportet,
1119 5315 1313 5377 praeter
1332 5312 1625 5365 canonicos
1654 5323 1902 5369 cantores
1931 5315 2021 5383 qui

539 5422 556 5453 ι
593 5404 880 5457 ambonem
947 5399 1269 5467 ascendunt,
1329 5411 1383 5455 et
1440 5418 1506 5456 ex
1553 5405 1737 5459 codice
1796 5418 2019 5474 canunt,

541 5521 561 5547 ς
602 5495 811 5564 aliquos
836 5493 970 5549 alios
990 5507 1187 5548 canere
1213 5494 1267 5548 in
1316 5495 1565 5549 ecclesia.
1605 5514 1624 5547 ι

2135 3219 2318 3289 ἄζυμα
2366 3219 2478 3282 τοῖς
2509 3218 2891 3286 ,κοινολαῖταις
2939 3217 3076 3285 μετὰ
3127 3217 3187 3268 τὸ
3240 3214 3572 3283 ἀγιασθῆναι
3621 3212 3711 3276 ὡς

2127 3307 2322 3360 κοινά’
2369 3307 2528 3359 τοῦτο
2573 3307 2666 3360 καὶ
2705 3307 2862 3377 παρὰ
2900 3307 3010 3358 τῶν
3053 3307 3354 3376 ἡμετέρων,
3381 3305 3456 3366 ὡς
3497 3303 3710 3366 ἔοικεν,

2125 3400 2331 3466 ἐγίνετο
2365 3401 2424 3450 τὸ
2455 3397 2706 3462 ποι-λαιὸν,
2734 3400 2813 3460 εἰς
2853 3399 2924 3448 τὰ
2962 3398 3095 3462 ἆγια
3142 3396 3440 3466 μυστήρια.
3482 3394 3718 3450 Κωλύεε

2066 3542 2069 3544 ,
2127 3489 2254 3558 γοῦν
2280 3490 2432 3541 τοῦτο
2458 3491 2484 3541 ὁ
2530 3485 2728 3554 κανὼν,
2762 3487 2854 3541 καὶ
2892 3487 3181 3556 διορίζεται
3215 3487 3290 3556 μὴ
3319 3487 3444 3556 τῇδε
3471 3487 3715 3538 κάκεῖσε

2127 3577 2613 3651 μετακομίζεσθαι,
2635 3581 2708 3642 ὡς
2739 3581 2894 3632 κοινὰ
2921 3587 3013 3632 καὶ
3033 3580 3281 3648 τυχόντα,
3307 3581 3374 3630 τὰ
3395 3579 3714 3656 ὑπεράγια.

2196 3674 2438 3727 ΖΩΝΑΡ.
2473 3673 2580 3726 Καὶ
2612 3675 2767 3725 τοῦτο
2803 3671 2894 3725 τοῦ
2947 3671 3180 3724 παλαιού
3213 3671 3368 3732 ἔθους
3419 3667 3509 3741 ἦν.
3540 3671 3718 3723 Κατὰ

2125 3763 2237 3832 γὰρ
2265 3767 2325 3815 τὸ
2350 3764 2542 3831 Πάσχα
2568 3765 2874 3832 ἐπέμποντο
2896 3764 2958 3814 ὲκ
2987 3766 3278 3832 παροικίας
3301 3765 3377 3822 είς
3405 3762 3718 3830 παροικίαν

2127 3852 2195 3906 τὰ
2205 3852 2538 3922 ἆγια,ἥγουν
2557 3853 2770 3922 μερίδες
2786 3851 2876 3903 τοῦ
2894 3852 3050 3919 ἁγίου
3072 3854 3322 3920 σώματος
3350 3853 3445 3903 καὶ
3463 3852 3718 3920 αἵματος

2127 3945 2220 3997 τοῦ
2260 3944 2497 4015 Χριστοῦ
2538 3946 2696 4014 χάριν
2735 3944 3021 4010 εὐλογίας,
3053 3937 3134 4006 οἷς
3179 3943 3488 4021 έστέλλοντο
3513 3984 3529 4008 ,
3559 3945 3712 4016 ὅπερ

2127 4039 2155 4089 ὁ
2181 4037 2356 4090 κανὼν
2380 4030 2532 4099 οὗτος
2562 4038 2799 4090 ἐκώλυσε
2821 4037 3084 4110 γίνεσθαι.
3111 4036 3183 4087 Τὸ
3201 4037 3308 4104 γὰρ
3332 4037 3711 4104 περιάγεσθαι

2129 4130 2187 4182 ἐν
2230 4132 2466 4198 μακραῖς
2511 4129 2840 4199 ὁδοιπορίαις
2871 4129 2948 4187 ,τὰ
2990 4128 3105 4179 θεῖα
3149 4131 3448 4198 μυστήρια,
3493 4133 3592 4182 καὶ
3625 4129 3714 4192 ὡς

2127 4223 2283 4291 ἔτυχε
2308 4224 2374 4276 τὰ
2403 4223 2644 4291 πάντιμα
2668 4221 2944 4292 φέρεσθαι,
2979 4222 3222 4291 ἀπρεπὲς
3249 4226 3344 4274 καὶ
3369 4223 3470 4274 οὐκ
3492 4221 3706 4294 εὔσχη-

2130 4330 2252 4382 μον,
2286 4313 2538 4382 ἐλογίσθη
2561 4314 2781 4376 δικαίως
2813 4315 2908 4364 καὶ
2937 4313 3196 4376 εὐσεϐῶς.

2125 4578 2343 4633 ΑΡΙΣΤ.
2379 4597 2397 4629 ι
2433 4579 2846 4647 Διαπέμπεσοαι
2899 4577 2967 4630 τὰ
3024 4580 3154 4645 ἆγια
3237 4581 3315 4642 si;

2771 4667 3032 4730 «ἀνάξιον.
3049 4687 3066 4718 ι

3401 4583 3709 4650 παροικίαν

2216 4765 2274 4818 ’0
2323 4763 2532 4834 μέλλων
2574 4767 2865 4833 μετασχεῖν
2894 4764 3004 4814 τῶν
3046 4763 3204 4816 θείων
3233 4765 3594 4832 ἁγιασμάτων
3629 4770 3711 4838 τῇ

2132 4858 2400 4927 ἐκκλησίᾳ
2429 4857 2809 4926 προσερχέτω,
2843 4857 2936 4907 καὶ
2982 4855 3048 4906 δι’
3084 4857 3275 4924 ἱερέως
3313 4857 3346 4926 ἢ
3379 4858 3712 4927 λειτουργοῦ

2130 4951 2450 5019 λαμϐανέτω
2471 4949 2566 5018 τὴν
2592 4949 2896 5014 κοινωνίαν,
2926 4948 3067 5001 κατὰ
3087 4950 3176 5000 τὸν
3201 4951 3373 5018 μέγαν
3397 4949 3712 5006 Βασίλειον.

2126 5039 2169 5089 Τ
2171 5039 2200 5089 ὸ
2229 5039 2283 5089 δὲ
2314 5035 2624 5089 στέλλεσθαι
2647 5039 2714 5088 τὰ
2738 5036 2869 5104 ἅγια
2897 5039 2976 5100 είς
3000 5038 3293 5107 παροικίας
3311 5039 3526 5109 ἐτέρας,
3555 5041 3713 5111 λόγῳ

2126 5130 2382 5197 εὑλογιών
2407 5128 2641 5191 ἀνάξιον.
2797 5179 2807 5189 ,

2746 5225 2981 5279 ΚΑΝΩΝ
3011 5224 3113 5281 lE’.
3483 5287 3493 5298 ,

2128 5341 2146 5374 t
2194 5325 2326 5392 Περὶ
2371 5322 2464 5375 τοῦ
2505 5320 2580 5390 μὴ
2618 5320 2727 5372 δεῖν
2766 5320 2925 5371 πλέον
2966 5317 3076 5370 τῶν
3120 5316 3420 5372 κανονικῶν
3456 5318 3709 5387 ψαλτῶν,

2199 5437 2216 5468 ο
2254 5416 2362 5468 τῶν
2409 5417 2503 5468 ἐπὶ
2553 5414 2643 5466 τὸν
2690 5413 2919 5481 ἄμϐωνα
2959 5411 3391 5479 ἀναϐαινόντων,
3447 5418 3540 5466 καὶ
3595 5416 3714 5468 ἀπὸ

2135 5525 2138 5528 ’
2207 5528 2224 5560 ι
2262 5507 2522 5578 διφθέρας
2549 5507 2658 5576 (58)
2689 5504 3020 5574 ψαλλόντων,
3045 5505 3268 5575 ἐτέρους
3295 5505 3450 5569 τινὰς
3477 5505 3714 5575 ψάλλειν

2206 5621 2223 5651 ι
2265 5603 2320 5652 ὲν
2351 5599 2670 5670 ἐκκλησίᾳ.»

1669 5719 1852 5781 Guill.
1888 5721 2205 5798 Beveregii
2252 5731 2435 5780 uola).

531 5825 641 5896 (58)
676 5826 783 5878 Kal
815 5823 933 5879 ἀπὸ
963 5824 1260 5894 διφθέρας.
1300 5811 1731 5892 Haruteuopoltis
1760 5828 2016 5896 canonis

463 5895 626 5967 huius
651 5910 870 5950 seruum
911 5899 995 5950 lus
1033 5899 1214 5951 verbis
1246 5899 1518 5964 exprimit,
1573 5897 1684 5949 Κιιὶ
1739 5895 1867 5948 ἄνευ
1908 5897 2014 5948 των

2126 5823 2426 5892 κανονικὼν
2468 5821 2686 5891 ψαλτὼν
2710 5822 2806 5874 καὶ
2833 5820 2941 5874 ἀπὸ
2973 5820 3233 5892 διφθέρας
3289 5823 3381 5874 ἐπὶ
3445 5821 3714 5892 ἄμϐωνας

2121 5891 2468 5962 ψαλλούντων
2530 5892 2717 5962 μηδείς
2785 5897 2842 5948 ἐν
2882 5891 3148 5965 ἐκκλησίᾳ
3187 5893 3460 5963 ψαλλέτω,
3492 5891 3705 5950 [ἰαίνει
