4052 6400
408 438 411 441 .
455 386 588 447 1367

1732 384 2005 445 THEOD.
2047 384 2451 451 BALSAMON

3551 381 3719 451 1268

452 507 622 571 gredi,
655 504 768 572 lege
798 512 957 559 sextae
990 504 1177 576 synodi
1227 519 1459 560 canones
1482 504 1549 559 69
1580 513 1631 560 et
1661 504 1728 559 70
1761 513 1813 560 et
1872 520 2009 574 prae—

2117 522 2230 577 ριον
2266 508 2539 578 ἀνάγνωθι
2588 509 2685 578 τῆς
2722 514 2775 573 ς’
2808 508 3028 562 συνόδου
3080 507 3314 572 κανόνας
3368 504 3446 573 ξθ¹
3488 507 3583 560 καί
3646 504 3706 560 θ’

453 599 621 653 sentis
650 596 834 667 synodi
861 612 1124 653 cauouem
1162 597 1253 652 44.

536 685 791 741 ZONAR‘.
825 687 1031 743 Concio
1061 690 1127 741 ad
1168 690 1610 749 catechumenos,
1645 687 1710 741 iis
1737 688 2017 753 docendis,

452 796 515 834 ac
556 782 879 843 erudiendis,
917 782 1090 850 primo
1116 782 1236 836 loco
1269 783 1335 835 ab
1365 782 1631 850 episcopis
1687 782 2015 847 habebatur;

456 881 563 924 tmn
600 871 907 939 precatione
943 874 994 926 in
1028 874 1445 926 catechumenos
1492 873 1711 925 recitata
1758 872 1830 924 illi
1863 886 2019 941 egre-

454 962 753 1026 diebantur,
781 979 1013 1033 moxque
1047 963 1099 1017 in
1123 979 1234 1027 eos,
1263 964 1351 1030 qui
1374 963 1744 1030 pmnitentialn
1766 964 2014 1030 agebant,

453 1054 613 1106 altera
650 1057 884 1123 precatio
916 1056 1304 1120 adhibebatur;
1362 1056 1575 1121 aliaque
1621 1063 1678 1107 ut
1724 1054 1778 1107 in
1812 1068 2018 1108 canone

448 1144 676 1212 dicitur,
714 1148 1123 1214 peragebantur.
1156 1145 1354 1199 Verum
1386 1146 1486 1199 hoc
1516 1156 1778 1211 tempore,
1810 1158 1927 1212 qua:
1949 1143 2015 1197 ad

453 1237 771 1305 poenitenies
828 1249 1095 1306 spectant,
1140 1241 1317 1291 nescio
1380 1238 1647 1306 quomodo
1705 1238 2011 1291 intermissa

449 1329 842 1384 obsoleverunt.
881 1330 957 1381 Ad
986 1330 1099 1384 haec
1132 1345 1314 1399 pacem
1338 1331 1603 1399 episcopis
1624 1327 1839 1390 oﬂ'erre,
1869 1344 1931 1381 ac
1962 1329 2013 1381 in

449 1435 635 1472 eorum
662 1421 907 1474 videlicet
944 1421 1243 1487 amplexum
1268 1420 1514 1490 progredi
1546 1420 1853 1474 sacerdotes
1879 1435 2013 1472 con-

448 1523 755 1568 sueverant.
823 1515 1044 1580 Signum
1094 1513 1254 1584 5,62
1285 1528 1538 1583 .namque
1575 1521 1662 1566 est
1714 1511 2014 1566 dilectionis

449 1608 757 1673 amplexus;
792 1604 1132 1658 dilectionem
1168 1619 1294 1658 vero
1329 1620 1429 1671 pax
1481 1603 1848 1670 consequitur.
1907 1601 2012 1654 S'a-

448 1697 754 1751 cerdotibus
785 1712 997 1766 quoque
1030 1696 1267 1751 vicissim
1314 1710 1497 1764 pacem
1533 1694 1652 1749 laici
1686 1693 2008 1756 olferebant,

447 1787 588 1854 quod
622 1801 783 1852 nunc,
815 1797 872 1840 ut
899 1787 1003 1841 alia
1040 1788 1200 1839 mnlta
1231 1800 1297 1840 ex
1328 1785 1549 1854 antiquo
1581 1785 1685 1838 ritu
1711 1825 1724 1848 ,
1758 1783 2005 1853 usurpari

2120 600 2214 651 καὶ
2241 602 2340 665 τῆς
2377 600 2659 669 παρούσης
2709 600 2928 654 συνόδου
2962 600 3161 652 κανόνα
3196 594 3296 667 μδ’.

2191 694 2433 747 ΖΩΝΑΡ.
2467 694 2591 755 Τοῖς
2616 693 3051 762 κατηχουμένοις
3079 691 3317 760 ὡμίλουν
3343 692 3615 761 πρότερον
3638 689 3703 742 οι

2094 783 2409 836 ἐπίσκοποι
2445 784 2813 856 κατηχοῦντες
2877 785 2971 837 καὶ
3042 783 3385 846 διδάσκοντες
3452 783 3693 841 αὐτούς·
3750 851 3756 860 _

2118 872 2235 927 εἶτα
2270 875 2539 945 ἐλέγετοὴ
2572 878 2693 929 ’ἐπὶ
2734 879 2849 939 τοῖς
2897 877 3327 946 κατηχουμένοις
3377 876 3529 945 εὐχὴ,
3592 878 3695 928 καὶ

2116 963 2435 1028 ἐξελθόντων
2468 966 2722 1025 ἐκείνων,
2753 967 2866 1028 τοῖς
2922 969 2979 1019 ἐν
3026 966 3286 1035 μετανοίᾳ
3326 960 3474 1017 οὖσιν
3520 965 3697 1035 ἐτέρα

2117 1055 2348 1108 ἐτελεῖτο
2392 1056 2546 1125 εὐχὴ,
2599 1057 2695 1109 καὶ
2746 1056 2815 1109 τά
2866 1057 3052 1122 λοιπὰ,
3110 1057 3151 1110 δι·
3207 1059 3235 1110 ό
3281 1055 3460 1110 κανὼν
3509 1056 3692 1121 λέγει.

2129 1151 2289 1204 Ἀλλὰ
2325 1150 2419 1204 νῦν
2448 1152 2516 1205 τά
2543 1152 2650 1205 τῶν
2678 1154 2735 1206 ἐν
2779 1154 3040 1222 μετανοίᾳ
3078 1154 3137 1205 ού
3171 1151 3401 1221 γίνεται,
3431 1152 3531 1205 οὐκ
3587 1146 3703 1204 οἷδ’

2114 1246 2260 1306 ὅπως
2294 1245 2658 1315 σχολάσαντα.
2692 1241 2824 1300 Εἶτα
2847 1247 2946 1316 τὴν
2974 1246 3198 1316 εἰρήνην
3221 1248 3330 1306 τοῖς
3359 1244 3707 1306 ἐπισκόποις

2114 1338 2317 1390 ἐδίδουν
2340 1339 2387 1390 oi
2412 1339 2597 1405 ἱερεῖς,
2629 1337 2722 1391 τὸν
2791 1338 3080 1406 ἀσπασμὸν
3132 1337 3353 1406 δηδαδή.
3429 1336 3691 1403 Ἀγάπης

2113 1426 2221 1495 γάρ
2256 1428 2519 1495 σύμϐολόν
2553 1430 2701 1481 ἐστιν
2731 1429 2758 1480 ὁ
2790 1429 3103 1497 ἀσπασμὸς,
3132 1432 3199 1496 τῇ
3260 1427 3316 1479 δὲ
3374 1427 3562 1496 ἀγάπῃ
3625 1424 3694 1477 τὸ

2112 1518 2413 1589 εἰρηνεύειν
2462 1519 2748 1588 ἑπόμενον.
2811 1519 2925 1573 Καὶ
2980 1521 3093 1580 τοῖς
3139 1517 3380 1587 ἱερεῦσιν
3433 1514 3590 1579 αὖθις
3635 1518 3699 1569 οἱ

2110 1609 2290 1663 λαῖκοὶ
2348 1610 2555 1663 ἐδίδουν
2610 1610 2708 1680 τὴν
2774 1612 3034 1681 εἰρήνην,
3094 1610 3123 1663 ὃ
3169 1610 3263 1663 νῦν
3324 1610 3384 1661 οὐ
3449 1610 3688 1675 γίνεται,

2110 1701 2186 1763 ὡς
2219 1702 2312 1755 καὶ
2377 1702 2513 1755 ἄλλα
2561 1702 2669 1755 τῶν
2730 1702 2894 1754 πάλαι
2933 1700 3273 1770 τελουμένων
3330 1698 3519 1752 πολλά.
3570 1699 3690 1749 Καὶ

2114 1794 2207 1846 ἐπὶ
2291 1793 2501 1856 τούτοις
2574 1795 2608 1863 ἡ
2674 1792 2773 1861 τῆς
2835 1794 3148 1862 προσφορᾶς
3213 1790 3422 1858 ἐγίνετο
3491 1789 3699 1855 τελετῆ

447 1875 676 1930 desitum
699 1885 804 1929 est.
831 1875 955 1930 Haec
979 1875 1157 1929 omnia
1183 1890 1351 1929 sacra:
1381 1874 1665 1930 oblationis
1697 1873 2007 1936 celebritas,

2114 1884 2232 1955 ἤτοι
2258 1860 2626 1954 προσεφέρετο
2656 1886 2687 1953 ή
2717 1860 3053 1952 ἀναίμακτος
3072 1884 3257 1945 θυσία,
3284 1884 3377 1935 καὶ
3399 1881 3697 1951 ἡγιάζετο,

447 1970 550 2025 hoc
584 1977 688 2033 est,
714 1968 981 2024 incruenti
1015 1968 1267 2025 sacriﬁcii
1310 1969 1508 2024 oblatio
1547 1968 2010 2035 consecratioque,

445 2077 508 2117 ac
534 2077 597 2117 ea
624 2061 882 2131 perfecta,
913 2076 1185 2116 sacrorum
1220 2061 1413 2115 deinde
1441 2076 1720 2114 munerum
1768 2074 2011 2113 commu-

443 2155 646 2209 nicatio
676 2155 1124 2223 consequebatur.
1175 2153 1339 2221 Cujus
1377 2153 1592 2223 quidem
1652 2151 2011 2221 percipienda:

444 2261 603 2301 causa
646 2245 833 2299 altaris
881 2256 1031 2312 septa
1083 2244 1326 2314 ingredi,
1379 2259 1538 2299 sacro
1571 2251 1778 2297 tantum
1820 2240 2025 2296 ordine-

442 2336 669 2390 iuitiatis
697 2335 1011 2391 hominibus
1057 2349 1374 2392 concessum
1417 2350 1577 2401 esse,
1629 2348 1802 2388 canon
1866 2331 2019 2386 amr-

440 2436 576 2479 mat.

439 2516 666 2571 AlllST.
704 2534 723 2567 ι
760 2515 883 2570 Post
910 2515 1441 2577 catechumenorum,
1468 2510 1846 2580 pmnitentium
1885 2524 2012 2577 pre-

519 2628 539 2659 ι
581 2624 671 2663 ces
703 2608 883 2662 ollerri
915 2617 1146 2677 oportet,
1174 2616 1228 2659 et
1250 2616 1430 2676 postea
1464 2604 1722 2657 ﬁdelium.
1777 2602 1846 2655 Et
1894 2610 2007 2668 post

523 2722 541 2753 ι
584 2717 793 2770 pacem,
819 2702 934 2756 sive
958 2700 1286 2767 amplexum,
1324 2696 1654 2752 oblationem
1690 2693 1804 2748 ﬁeri
1835 2710 1850 2747 :
1882 2694 2011 2747 solis

523 2811 542 2842 ι
573 2791 947 2846 sacerdotibus
996 2789 1180 2844 altaris
1226 2797 1377 2858 septa
1434 2786 1897 2857 ingredientibus,
1956 2795 2012 2839 et

522 2904 539 2935 ι
579 2883 1125 2939 communicantibus.
1165 2901 1185 2934 ι

514 3071 758 3126 Praesens
786 3085 963 3125 canon
995 3068 1236 3124 ordinem
1274 3081 1497 3137 precum
1527 3067 1683 3120 docet
1706 3105 1721 3127 ,
1772 3073 1825 3119 et
1877 3077 2009 3133 quo-

2112 1976 2459 2045 τελεσθείσης
2483 1976 2537 2028 δὲ
2568 1976 2670 2043 τῆς
2700 1975 2893 2036 θυσίας
2950 1975 3156 2044 ταύτης
3186 1976 3217 2041 ἡ
3255 1975 3544 2043 μετάδοσις
3585 1974 3693 2023 αὑ-

2110 2068 2211 2137 τῆς
2241 2070 2546 2139 ἐνηργεῖτο.
2609 2069 2903 2120 Κοινωνεῖν
2928 2067 2984 2118 δὲ
3014 2067 3220 2135 ταύτης
3254 2065 3402 2125 ἐντὸς
3456 2063 3552 2115 τοῦ
3587 2062 3695 2115 θυ-

2114 2159 2431 2229 σιαστηρίου
2474 2158 2659 2227 μόνοις
2685 2159 2797 2219 τοῖς
2841 2157 3137 2227 ἱερατικοῖς
3194 2153 3406 2217 ἔξεστι,
3462 2152 3612 2219 λέγει
3659 2152 3703 2201 ὁ.

2112 2264 2315 2301 κανων.

2110 2519 2334 2572 ΑΡΙΣΤ.
2412 2537 2432 2569 ι
2469 2516 2624 2571 Μετὰ
2645 2515 2745 2587 τὴν
2771 2532 2882 2568 των
2911 2514 3341 2584 κατηχουμένων
3366 2510 3532 2580 εὐχὴν
3582 2509 3694 2577 τὴν

2185 2628 2202 2659 ι
2245 2608 2447 2660 τῶννέν
2498 2609 2757 2676 μετανοίᾳ
2811 2606 3185 2675 προσάγεσθαι
3253 2604 3356 2668 δεῖ,
3401 2604 3498 2657 καὶ
3544 2603 3697 2671 μετὰ

2183 2720 2201 2749 ι
2240 2702 2418 2763 τοῦτο,
2442 2700 2540 2767 τὴν
2568 2700 2675 2751 τῶν
2707 2698 2949 2752 πιστῶν·
2988 2699 3080 2750 καὶ
3117 2696 3256 2767 μετὰ
3300 2694 3399 2765 τὴν
3433 2695 3704 2764 είρήνηνν

2190 2811 2209 2843 ι
2243 2793 2359 2861 ἦτοι
2387 2792 2480 2844 τὸν
2508 2791 2821 2861 ἀσπασμὸν,
2851 2790 2949 2861 τὴν
2983 2789 3258 2859 ἀναφοράν
3287 2787 3557 2855 γίνεσθαι,
3581 2786 3691 2855 μό-

2185 2904 2207 2936 σ
2246 2902 2335 2935 νον
2360 2885 2636 2937 εἰσιόντων
2668 2884 2748 2952 εἰς
2789 2883 2850 2935 τὺ
2896 2881 3066 2952 βῆμα,
3101 2881 3193 2933 καὶ
3233 2877 3696 2951 μεταλαμϐανόν-

2188 2998 2206 3030 ι
2243 2996 2349 3031 των
2363 2980 2470 3031 τῶν
2490 2947 2734 3047 ἱερέων.;

2194 3067 2256 3121 '0
2289 3066 2483 3137 παρὼν
2516 3067 2695 3120 κανὼν
2724 3068 2824 3137 τὴν
2851 3067 3006 3133 τάξιν
3058 3066 3299 3121 διδάσκει
3341 3068 3449 3120 τῶν
3481 3068 3693 3138 εὐχῶν,
3738 3137 3748 3149 ἢ

443 3165 602 3219 modo
632 3162 745 3217 ﬁeri
787 3162 1001 3217 debent.
1034 3161 1098 3215 Et
1123 3160 1253 3215 dicit
1288 3159 1711 3229 primo‘quidem
1748 3157 2000 3211 catechu-

2114 3161 2257 3221 ὅπως
2287 3160 2491 3227 ὀφείλει
2523 3159 2771 3228 γίνεσθαι
2793 3175 2806 3188 °
2847 3161 2940 3212 καὶ
2974 3159 3170 3225 φάσκει
3196 3159 3388 3228 πρῶτα
3429 3159 3527 3226 μὲν
3578 3159 3699 3227 τὴνι

444 3272 721 3313 menorum
746 3256 1106 3325 precationem
1139 3253 1493 3323 peragendam
1524 3265 1660 3315 esse,
1697 3258 1879 3319 postea
1909 3263 2003 3300 eo-

443 3364 561 3401 rum
593 3347 681 3417 qui
737 3346 1107 3415 poanitentiam
1158 3353 1360 3416 agunt,
1394 3353 1453 3399 et
1499 3351 1681 3411 postea
1747 3341 2002 3395 ﬁdelium.

442 3439 594 3493 Tunc
622 3452 809 3508 pacem
829 3445 880 3491 et
910 3438 1212 3506 amplexum
1248 3436 1383 3499 ﬂeri,
1412 3444 1465 3488 et
1489 3435 1565 3488 sic
1588 3432 1823 3489 divinam
1850 3432 2005 3487 obla-

442 3533 641 3586 tionem
674 3533 877 3601 peragi,
919 3540 972 3585 et
1003 3531 1142 3585 solos
1177 3529 1421 3585 homines
1450 3526 1814 3583 sacerdotales
1864 3527 2004 3581 intra

443 3623 629 3678 altaris
669 3631 819 3694 septa
850 3610 1205 3693 participare.

1042 3868 1266 3926 CANON
1295 3867 1414 3923 XX.

446 4025 467 4060 ι
514 4005 664 4071 Quod
719 4022 824 4058 non
873 4014 1079 4072 oportet
1129 4005 1410 4059 diaconum
1468 4014 1592 4057 ante
1631 4001 2004 4072 presbyterum

519 4113 538 4145 ι
579 4095 790 4157 sedere,
820 4092 911 4146 sed
965 4092 1155 4147 sedere
1186 4107 1309 4144 cum
1342 4090 1495 4158 jussu
1554 4090 1875 4159 presbyteri.
1913 4087 2005 4141 Si-

517 4205 538 4238 ι
573 4187 773 4240 militet
800 4194 980 4239 autem
1012 4184 1256 4237 diaconis
1302 4183 1487 4236 haberi
1537 4181 1797 4234 honorem
1837 4194 1862 4231 a
1899 4179 1994 4229 mi-

517 4299 536 4331 ι
570 4280 755 4336 nistris
786 4288 841 4333 et
866 4262 1117 4333 omnibus
1147 4274 1360 4329 clericis
1394 4283 1628 4344 oportet.
1670 4292 1685 4323 ι

515 4459 707 4513 BALS.
737 4459 868 4524 Quae
928 4458 981 4512 in
1033 4471 1238 4510 canone
1285 4457 1318 4508 7
1382 4465 1549 4509 sextm
1584 4453 1770 4522 synodi
1828 4461 1882 4505 et
1939 4451 2003 4504 18

2112 3249 2219 3303 τῶν
2268 3248 2697 3320 κατηχουμένων
2749 3247 3116 3300 ἐπιτελεῖσθαι
3171 3248 3361 3316 εὐχὴν,
3410 3242 3530 3299 εἶτα
3581 3247 3692 3315 τὴν

2111 3344 2220 3397 τῶν
2268 3343 2325 3393 ἐν
2364 3342 2624 3411 μετανοίᾳ.
2660 3337 3057 3408 προσάγεσθαι,
3109 3338 3201 3391 καὶ
3233 3338 3372 3406 μετὰ
3394 3338 3555 3389 τοῦτο
3584 3337 3695 3404 τὴν

2111 3435 2221 3488 τῶν
2257 3434 2485 3488 πιστῶν.
2524 3429 2666 3484 Εἶτα
2695 3432 2796 3498 τὴν
2832 3431 3077 3501 είρήνην,
3110 3430 3207 3483 καὶ
3256 3430 3346 3482 τὸν
3383 3431 3697 3497 ἀσπασμὸν

2111 3527 2374 3597 γίνεσθαι,
2412 3524 2507 3579 καὶ
2534 3523 2677 3577 οὕτω
2709 3523 2807 3594 τὴν
2839 3524 2999 3591 ἁγίαν
3049 3522 3365 3593 προσφοράν
3418 3521 3700 3573 ἐπιτελεῖ.-

2038 3628 2041 3631 ’
2115 3619 2262 3681 σθαι,
2296 3619 2389 3700 καὶ
2434 3617 2869 3689 μεταλαμϐάνειν
2900 3615 3051 3679 ἐντὸς
3078 3614 3171 3668 τοῦ
3203 3614 3449 3685 βήματος
3486 3614 3701 3683 μόνους

2112 3713 2238 3776 τοὺς
2273 3713 2547 3781 ἱερατικού
2556 3730 2602 3776 ς.

2707 3847 2946 3901 ΚΑΝΩΝ
2994 3842 3071 3902 Κ”

2118 4006 2146 4037 ιτ
2179 3987 2298 4039 Ὅτι
2330 3986 2391 4038 οὐ
2422 3986 2666 4038 διάκονον
2704 3985 3017 4056 ἔμπροσθεν
3049 3986 3424 4058 πρεσϐυτέρου
3451 3984 3689 4049 καθέξε⁴

2190 4097 2208 4129 ι
2249 4076 2394 4141 σθαι,
2426 4077 2561 4130 ἀλλὰ
2619 4078 2756 4145 μετά
2807 4077 3109 4141 κελεύσεως
3160 4075 3256 4129 τοῦ
3301 4077 3690 4147 πρεσϐυτέρου

2189 4188 2206 4219 ι
2243 4168 2592 4231 καθέζεσθαι.
2632 4168 2864 4238 Ὁμοίως
2918 4169 2975 4220 δὲ
3041 4167 3185 4237 ἔχειν
3229 4168 3397 4237 τιμὴν
3425 4168 3520 4220 καὶ
3553 4170 3691 4228 τοὺς

2185 4279 2202 4308 ι
2241 4259 2529 4321 διακόνους
2551 4259 2657 4312 ὑπὸ
2693 4258 2801 4311 τῶν
2834 4259 3125 4328 ὑπηρετῶν
3153 4258 3245 4311 καὶ
3306 4259 3519 4312 πάντων
3570 4259 3693 4311 τῶν

2195 4369 2213 4399 ι
2250 4350 2547 4421 κληρικῶν.
2582 4371 2600 4402 ι

2184 4443 2381 4496 ΒΑΛΣ.
2426 4443 2505 4495 Τά
2537 4442 2821 4510 γραφέντα
2860 4443 2939 4503 είς
2977 4441 3070 4494 τὸν
3136 4442 3179 4504 ζ’
3216 4440 3419 4493 κανόνα
3466 4439 3567 4507 τῆς
3625 4437 3683 4501 ς’

440 4550 670 4605 Nicanuc
697 4552 893 4619 scripta
924 4557 1070 4613 sunt,
1099 4549 1164 4601 de
1213 4546 1403 4600 ordine
1454 4544 1903 4611 presbyterorum
1948 4550 2002 4591 et

2114 4534 2355 4597 συνόδου,
2394 4537 2489 4587 καὶ
2521 4534 2610 4587 τὸν
2646 4541 2716 4601 ιη’
2771 4536 2868 4602 τῆς
2926 4537 2983 4585 ἐν
3031 4534 3237 4604 Νικαίᾳ
3287 4533 3418 4601 περὶ
3470 4529 3685 4593 τάξεως

442 4642 814 4701 diaconorum,
850 4635 1120 4690 sulliciunt
1148 4634 1213 4687 ad
1242 4631 1523 4702 praesentis
1553 4628 1780 4683 canonis
1831 4628 2006 4679 inter-

442 4733 830 4802 pretationem.

514 4821 763 4877 ZONAR.
802 4821 874 4875 De
904 4819 1293 4881 sacerdotibus,
1344 4815 1584 4870 diaconis
1607 4854 1621 4876 ,
1652 4812 1879 4880 aliisque
1916 4827 2004 4864 sa-

442 4910 553 4965 cris
591 4907 872 4963 ordinibus
900 4946 915 4972 ,
949 4921 1105 4976 quem
1155 4904 1382 4971 quisque
1443 4903 1719 4971 proprium
1781 4902 2005 4955 honoris

443 5003 617 5056 locum
650 5002 849 5055 habere
878 5000 1092 5059 debeat,
1118 5010 1327 5050 canone
1361 4996 1395 5048 7
1440 5005 1607 5048 sexta:
1640 4993 1832 5062 synodi
1866 5009 1999 5048 con-

444 5095 688 5147 stitutum
720 5102 803 5147 est
831 5110 844 5145 :
875 5101 928 5145 et
953 5101 1287 5158 quazcunque
1316 5101 1381 5139 eo
1424 5087 1541 5141 loco
1570 5087 1847 5140 attulimus
1871 5128 1886 5152 ,
1938 5088 2005 5138 ad

445 5183 602 5250 hujus
632 5197 844 5251 quoque
866 5179 1091 5233 canonis
1110 5175 1520 5245 explicationem
1547 5175 1827 5231 transferri
1855 5188 2003 5230 com-

446 5276 599 5329 mode
626 5280 871 5342 possunt.

511 5365 738 5419 ARIST.
781 5383 800 5415 ι
837 5363 1106 5417 Diaconos
1134 5360 1234 5416 nisi
1266 5361 1449 5426 jussus
1480 5374 1545 5414 ne
1573 5359 1783 5414 sedeat.
1822 5377 1839 5411 ι

517 5456 785 5510 Diaconos
819 5469 885 5508 ne
905 5453 1088 5509 sedeat
1123 5468 1305 5508 coram
1341 5452 1679 5522 presbytero,
1706 5451 1810 5505 nisi
1845 5450 1913 5503 ab
1943 5465 2007 5503 eo

443 5549 755 5603 mandatum
794 5547 973 5611 habet,
1001 5546 1093 5601 sed
1122 5560 1221 5600 nec
1251 5544 1445 5614 reliqui
1495 5542 1735 5598 ecclesia:
1772 5541 2004 5595 ministri

443 5651 498 5694 ct
525 5638 707 5694 clerici
735 5649 860 5693 ante
898 5638 1205 5705 diaconum,
1247 5637 1347 5691 nisi
1378 5644 1431 5691 et
1458 5636 1571 5706 ipse
1595 5634 1660 5690 ab
1685 5646 1748 5689 eo
1770 5633 1821 5688 in
1848 5650 2003 5689 man-

445 5728 585 5783 datis
614 5737 958 5798 acceperunt.
1043 5787 1049 5799 ,

2110 4623 2497 4693 πρεσϐυτέρων
2530 4624 2625 4676 καὶ
2652 4624 2940 4685 διακόνων,
2967 4622 3199 4694 ἀρκοῦσι
3232 4622 3329 4674 καὶ
3376 4623 3456 4683 είς
3503 4622 3688 4689 ερμηφ

2108 4716 2259 4768 νείαν
2291 4713 2386 4766 τοῦ
2429 4715 2697 4783 παρόντος
2726 4714 2967 4777 κανόνος.

2178 4808 2420 4860 ΖΩΝᾹΡ.
2469 4806 2525 4859 Ὀ
2551 4808 2778 4875 ἕϐδομος
2833 4805 3014 4859 κανὼν
3068 4809 3166 4877 τῆς
3217 4807 3389 4872 ἕκτης
3456 4804 3681 4857 συνόδου

2108 4900 2230 4967 περὶ
2266 4897 2471 4963 τάξεως
2502 4899 2678 4968 ὁρίζει
2722 4898 3111 4967 πρεσϐυτέρων
3160 4899 3254 4950 καὶ⁹
3289 4897 3553 4950 διακόνων
3579 4897 3683 4947 καὶ

2106 4990 2214 5042 τῶν
2251 4990 2456 5041 λοιπῶν
2500 4990 2661 5059 ἱερῶν
2711 4990 3042 5059 ταγμάτων·
3101 4992 3195 5043 καὶ
3220 4991 3321 5043 ὅσα
3370 4991 3427 5042 ἐν
3479 4988 3683 5057 ἐκείνῳ

2106 5082 2321 5152 εἴρηται
2348 5082 2650 5151 ἁρμόσουσι
2680 5083 2776 5134 καὶ
2805 5081 2882 5152 τῷ
2912 5084 3141 5152 παρόντι
3176 5082 3391 5136 κανόνι.

2175 5348 2395 5402 ΑΡΙΣΤ.
2423 5365 2441 5396 ι
2488 5346 2835 5409 ’.ἀκέλευστος
2874 5348 2949 5416 μὴ
2975 5347 3287 5424 καθεζέσθω
3312 5348 3610 5422 διάκονος.»

2178 5437 2527 5509 Ἐμπροσθεν
2558 5438 2930 5508 πρεσϐυτέρου
2953 5439 3028 5508 μὴ
3056 5435 3373 5503 καθεζέσθω
3401 5439 3680 5504 διάκονος,

2104 5535 2152 5584 εί
2199 5531 2272 5599 μὴ
2305 5530 2568 5599 κελευσθῇ
2628 5530 2719 5581 ὑπ’
2756 5529 2959 5581 αὐτοῦ’
3011 5530 3149 5582 ἀλλὰ
3204 5530 3340 5600 μηδὲ
3390 5531 3439 5582 οί
3491 5530 3681 5583 λοιποὶ

2105 5620 2372 5692 ὑπηρέται
2418 5619 2516 5688 τῆς
2576 5618 2871 5687 ἐκκλησίας
2951 5618 3045 5672 καὶ
3128 5618 3382 5687 κληριχοὶ
3431 5617 3682 5687 ἐμπροσ-

2104 5713 2196 5767 θεν
2249 5710 2517 5773 διακόνου,
2559 5712 2606 5763 εἰ
2656 5709 2730 5781 μὴ
2787 5710 2881 5763 καὶ
2919 5711 3077 5764 αὐτοὶν
3127 5710 3218 5763 ὑπ’
3273 5709 3435 5764 αὐτοῦ
3486 5708 3683 5762 κελευ-

2112 5805 2340 5861 σθῶσιν.
