4052 6394
297 399 431 468 1363

304 646 328 679 ι
359 630 479 684 Ὀτι
513 633 572 686 οὑ
602 634 684 687 δεῖ
710 635 993 706 ὑπηρέτας
1022 638 1168 709 ἔχειν
1215 637 1399 710 χώραν
1433 641 1492 692 ἐν
1553 641 1629 708 τῷ
1678 641 1863 693 διακο-

447 740 465 772 c
496 723 649 793 νικῷ,
694 726 786 779 καὶ
812 727 1077 781 ἅπτεσθαι
1099 731 1208 783 τῶν
1237 730 1397 799 ἱερῶν
1431 732 1660 784 σκευῶν.
1697 750 1713 782 ι

373 837 567 890 ΒΑΛΣ.
609 838 918 910 ’Υπηρέται
946 842 1196 909 λέγονται
1233 846 1280 896 οἱ
1310 844 1681 897 ὑποδιάκονοι.
1727 845 1862 898 Τού-

300 946 424 991 τους
455 930 548 982 οὖν
579 932 775 984 κωλύει
812 934 839 984 ό
895 934 1074 987 κανὼν
1124 937 1189 988 τὰ
1227 936 1337 987 τῶν
1383 936 1645 989 διακόνων
1698 954 1863 1004 μετα-

238 1092 239 1095 η
302 1020 659 1089 γειρίζεσθαι,
695 1026 862 1093 ἧγουν
912 1025 1183 1079 ἅπτεσθαι
1239 1028 1346 1079 τῶν
1402 1030 1565 1098 ἱερῶν
1628 1029 1860 1095 σκευῶν,

300 1112 546 1163 τουτέστι
597 1113 688 1165 τοῦ
743 1116 996 1181 σώματος
1025 1119 1117 1170 καὶ
1173 1121 1404 1187 αἵματος
1460 1120 1555 1173 τοῦ
1601 1121 1859 1191 Χριστοῦ.

301 1203 452 1268 Μηδὲ
477 1204 584 1272 γὰρ
608 1207 766 1276 εἴπῃς
798 1207 871 1275 μὴ
899 1208 1138 1275 ὀφείλειν
1181 1211 1403 1273 τούτους
1437 1212 1703 1265 ἅπτεσθαι
1757 1213 1863 1266 τῶν

303 1295 466 1361 ἱερῶν
499 1299 731 1363 σκευῶν,
779 1300 899 1369 ἦτοι
953 1302 1046 1354 τοῦ
1103 1304 1260 1370 ἁγίου
1308 1306 1568 1376 ποτηρίου
1614 1312 1709 1359 καὶ
1766 1306 1861 1361 τοῦ

302 1392 461 1457 ἁγίου
504 1393 712 1452 δίσκου,
788 1395 961 1447 κενῶν
1035 1396 1225 1450 ὄντων.
1287 1399 1480 1461 Αὑτοῖς
1518 1401 1625 1468 γὰρ
1663 1402 1863 1468 μᾶλλον

301 1486 479 1538 οἰκεία
537 1487 685 1539 ἐστὶν
733 1490 763 1556 ἡ
804 1488 1012 1541 τούτων
1089 1490 1362 1560 ὑπηρεσία
1404 1490 1435 1560 ἤ
1492 1491 1586 1543 καὶ
1632 1490 1864 1558 μετάθε-

303 1595 410 1639 σις.

377 1692 617 1748 ΖΩΝΛΡ.
657 1694 972 1765 ’Υπηρέτπς
1049 1697 1177 1761 τοὺς
1259 1699 1644 1761 ὑποδιακόνους
1694 1666 1863 1767 λέγει,

301 1781 395 1846 οὒς
433 1784 492 1870 οὑ
537 1784 666 1853 χρὴ,
707 1788 870 1852 φησὶν
919 1787 946 1838 ὁ
987 1787 1191 1853 κανὼν,
1254 1790 1439 1861 χώραν
1482 1774 1629 1860 ἔχειν
1680 1791 1738 1843 ὲν
1791 1791 1868 1860 τῷ

1468 410 1556 472 ΙΝ
1586 411 1752 473 CAN.
1794 412 1963 475 XXII
1992 413 2199 475 CONC.
2232 413 2447 473 LAOD.

868 517 1103 573 ΚᾹΝΩΝ
1131 522 1261 577 KA’.
1887 528 1937 584 A

3388 408 3531 473 13Ἱο

2538 520 2767 578 CANON
2807 521 2950 578 XXI.

1950 656 1987 689 .i
2021 638 2171 703 Quod
2201 653 2303 690 non
2334 646 2541 706 oportet
2571 638 2846 691 ministros
2880 638 3055 690 locutu
3096 636 3292 691 habere
3328 637 3536 693 india-

2221 748 2239 781 ι
2282 730 2491 795 conico,
2526 738 2578 783 et
2610 745 2761 783 saera
2804 744 2929 783 vasa
2969 741 3205 798 tangere.
3244 748 3262 780 ι

2029 839 2222 894 BALS.
2257 838 2479 893 Miuistri
2514 842 2765 894 dicuntur
2793 843 3138 895 subdiaconi.
3171 843 3353 895 (ianon
3392 858 3538 910 ergo

1963 947 2056 986 eos
2087 933 2333 1000 prohibet
2385 948 2445 985 ea
2476 976 2492 998 ,
2523 949 2639 1002 qute
2688 935 2751 986 ad
2785 935 3043 1013 diaconos
3083 936 3394 1003 pertinent,
3434 951 3533 1001 ag-

1963 1024 2131 1091 gredi,
2169 1039 2261 1078 seu
2289 1039 2442 1077 saera
2474 1040 2601 1077 vasa
2640 1035 2877 1090 tangere,
2912 1027 3122 1079 scilicet
3169 1028 3413 1094 corporis
3474 1037 3530 1080 et

1965 1118 2241 1187 sanguinis
2269 1117 2494 1172 Christi.
2526 1118 2710 1186 Neque
2735 1119 2878 1171 enim
2924 1118 3146 1183 dixeris,
3182 1134 3288 1171 nou
3336 1118 3531 1172 debere

1964 1224 2057 1263 eos
2104 1225 2253 1264 sacra
2314 1216 2443 1264 Vasa
2510 1220 2749 1279 tangere,
2815 1224 2911 1263 seu
2972 1224 3188 1263 sacrum
3222 1209 3444 1264 calicem
3476 1217 3539 1261 et

1965 1316 2172 1355 sacram
2208 1302 2466 1370 patinam,
2532 1317 2650 1356 cum
2710 1308 2837 1355 sunt
2880 1302 3094 1354 inanes.
3142 1300 3340 1353 Eorum
3390 1299 3533 1351 enim

1966 1393 2325 1447 ministerium
2359 1393 2472 1448 sive
2503 1393 2795 1446 translatio
2827 1393 2908 1447 eis
2938 1391 3110 1453 magis
3144 1390 3424 1445 convenit.

2037 1700 2291 1758 ZONAB‘.
2327 1700 2602 1755 Ministros
2655 1700 2741 1755 hic
2787 1699 3189 1769 itypodiaconos
3258 1702 3538 1764 nominat,

1966 1811 2101 1865 quos
2156 1795 2371 1863 quidem
2434 1809 2608 1848 canon
2675 1793 2728 1847 in
2795 1793 3077 1847 diaconico
3103 1794 3277 1845 locum
3344 1791 3540 1847 habere

301 1875 618 1945 διακονικῷ,
646 1878 766 1929 ἀντὶ
790 1879 909 1940 τοῦ,
954 1880 1051 1933 οὐκ
1075 1881 1458 1951 ὲκκεχώρηται
1503 1881 1687 1945 αὐτοῖς
1708 1883 1863 1948 ἐνερ-

1987 1896 2127 1956 iegat
2182 1896 2453 1953 oportere.
2524 1884 2806 1952 Quod'ita
2862 1883 3270 1952 intelligendum
3316 1880 3418 1946 est,
3483 1892 3543 1935 ut

306 1969 419 2035 γεῖν
452 1968 519 2020 τὰ
560 1970 667 2021 τῶν
723 1970 1005 2037 διακόνων,
1056 1976 1151 2026 καὶ
1199 1974 1468 2028 ἅπτεσθαι
1516 1975 1624 2027 τῶν
1683 1975 1863 2041 ἱερῶν,

304 2060 453 2129 ἢτοῦ
492 2059 658 2130 ἄρτου
690 2063 784 2114 καὶ
813 2063 909 2116 τοῦ
945 2065 1114 2131 οἴνου,
1156 2066 1264 2118 τῶν
1293 2065 1373 2128 είς
1405 2065 1603 2117 θυσίαν
1627 2080 1868 2134 προσφε-

302 2150 573 2221 ρομένων,
622 2150 797 2220 ῆτῶν
839 2152 1146 2223 δεχομένων
1190 2154 1331 2208 αὑτὰ
1387 2154 1622 2218 σκευῶν,
1667 2153 1762 2207 τοῦ
1796 2155 1871 2206 ίε-

300 2244 403 2314 ροῦ
436 2246 621 2298 δίσκου
654 2247 747 2299 καὶ
777 2247 870 2301 τοῦ
923 2250 1184 2319 ποτηρίου
1206 2264 1222 2281 ο
1273 2250 1335 2304 οὑ
1376 2236 1491 2319 γὰρ
1541 2252 1749 2315 ἐφεῖται
1779 2247 1875 2301 αὑ-

300 2340 418 2402 τοῖς
454 2341 871 2411 προσκομίζειν.

446 2547 670 2599 ΑΡΙΣΤ.
712 2564 733 2596 ι
769 2546 987 2599 Σκευῶν
1033 2544 1315 2615 ὑπηρέτης
1352 2544 1424 2614 μὴ
1452 2544 1731 2597 ἅπτοιτο.»

377 2638 450 2691 Οὑ
510 2638 901 2707 χειραπτοῦσιν
940 2639 988 2690 οἱ
1064 2638 1332 2705 ὑπηρέται
1388 2638 1487 2707 τῆς
1545 2634 1880 2704 Ἐκκλησῖας

305 2730 419 2784 τῶν
448 2732 661 2785 σκευῶν
710 2731 818 2785 τῶν
868 2731 1237 2784 δεσποτικῶν·
1288 2729 1422 2781 ἀλλὰ
1457 2726 1608 2798 παρὰ
1666 2726 1877 2796 ἱερέων,

306 2822 346 2894 ἤ
381 2824 667 2890 διακόνων,
714 2827 781 2894 τῇ
827 2824 951 2895 ἱερᾷ
981 2823 1231 2895 τραπέζῃ
1274 2821 1445 2875 ταῦτα
1484 2820 1878 2891 προσάγονται.

878 2956 1119 3011 ΚΑΝΩΝ
1169 2957 1296 3009 KB'.

321 3119 340 3149 c
384 3099 508 3152 Ὅτι
540 3095 601 3149 οὑ
624 3096 704 3148 δεῖ
747 3095 1027 3164 ὑπηρέτην
1076 3095 1313 3165 ὡράριον
1363 3098 1570 3166 φορεῖν,
1617 3095 1736 3149 οὑδὲ
1784 3095 1885 3159 τὰς

679 3207 697 3241 ι
740 3188 910 3257 θύρας
936 3189 1460 3257 ὲγκαταλιμπάνειν.
1503 3207 1522 3241 ι

387 3329 580 3383 ΠΑΛΣ.
610 3328 684 3380 Τὸ
724 3328 962 3395 ὧράριον
993 3329 1182 3396 ιρορεῖν
1209 3326 1384 3395 μόνων
1412 3327 1528 3380 ἐστὶ
1563 3327 1673 3381 τῶν
1699 3328 1884 3383 διακό-

313 3438 441 3473 νων.
465 3415 623 3473 υὺτοι
652 3417 759 3490 γὰρ
787 3418 899 3478 τοῖς
931 3418 1273 3486 ίερουργοῦσι
1313 3419 1736 3488 παριστάμενοι.
1792 3420 1887 3474 καὶ

315 3510 705 3579 ἐπιτηροῦντες
736 3509 834 3573 τάς
864 3508 972 3562 τῶν
996 3509 1169 3577 ἁγίων
1205 3509 1379 3581 εὐχῶν
1408 3492 1634 3573 τελετὰς
1663 3512 1756 3565 καὶ
1788 3512 1890 3575 τὰς

314 3601 425 3653 τῶν
469 3602 856 3670 πρεσϐυτέρων
880 3602 1245 3670 ἐκφωνήσεις,
1285 3602 1522 3655 διδόασιν
1567 3604 1774 3673 εἴδησιν
1800 3605 1889 3657 διὰ

322 3692 419 3745 τοῦ
458 3691 702 3761 ὧραρίου
729 3692 843 3753 τοῖς
869 3692 924 3743 ἐν
956 3690 1034 3759 τῷ
1069 3690 1281 3758 ἄμϐωνι
1309 3691 1587 3754 διακόνοις
1623 3693 1721 3759 τῆς
1738 3693 1890 3760 ὀφει-

317 3782 520 3859 λούσης
542 3782 789 3851 γίνεσθαι
813 3781 1200 3850 ὲκφωνήσεως,
1232 3780 1401 3850 ἦγουν
1428 3780 1525 3834 τοῦ
1567 3782 1762 3851 καιροῦ
1790 3784 1891 3849 τῆς

319 3875 548 3944 ἐκτενῆς
570 3875 679 3927 τῶν
718 3874 991 3936 αἰτήσεων
1020 3873 1131 3925 τῶν
1164 3890 1403 3942 κατηχου
1415 3874 1610 3940 μένων,
1636 3875 1733 3926 καὶ
1784 3874 1891 3927 τῶν

319 3967 544 4023 λοιπῶν.
571 3966 680 4018 Καὶ
708 3965 910 4033 ἐκλήθη
944 3965 1182 4033 ὠράριον
1218 3964 1325 4017 ἀπὸ
1346 3962 1437 4017 τοῦ
1476 3964 1609 4034 ὁρῶ,
1665 3966 1727 4017 τὸ
1792 3982 1893 4033 φυ-

322 4058 511 4113 λάσσω
545 4059 639 4110 καὶ
671 4056 940 4125 ὲπιτηρῶ.
964 4056 1177 4124 Ὠσπερ
1206 4054 1260 4106 δὲ
1293 4057 1403 4118 τοῖς
1442 4054 1711 4116 διακόνοις
1738 4054 1894 4107 τοῦτο

320 4152 669 4219 ἀπενεμὴθη,
693 4149 936 4202 δέδοκται
964 4147 1059 4201 καὶ
1085 4148 1211 4211 τοὺς
1239 4145 1627 4207 ὑποδιακόνους
1666 4145 1769 4201 τὰς
1801 4145 1896 4198 θύ-

324 4261 431 4314 ρας
458 4244 567 4296 τῶν
595 4242 904 4311 ἐκκλησιῶν
929 4241 1199 4310 κατέχειν,
1254 4240 1352 4293 καὶ
1395 4240 1638 4306 εἰσάγειν
1680 4238 1772 4291 καὶ
1812 4239 1897 4304 ἒξ-

323 4336 482 4403 άγειν
513 4339 635 4399 τοὺς
659 4333 1097 4403 κατηχουμένους
1126 4331 1220 4385 καὶ
1243 4331 1369 4388 τοὺς
1393 4331 1449 4381 ὲν
1476 4330 1735 4400 μετανοίᾳ
1762 4346 1777 4362 ·
1807 4330 1896 4381 διὰ

323 4434 437 4497 γὰρ
470 4425 628 4477 τοῦτο
663 4425 755 4477 καὶ
790 4425 1034 4493 σήμερον
1061 4422 1211 4491 παρὰ
1240 4421 1348 4475 τῶν
1387 4420 1754 4474 ὑποδιακόνων
1807 4418 1899 4469 λέ-

1969 1980 2581 2033 ἀὶοοοιιοιυιτισηιυηθτο
2614 1978 2766 2032 obire
2792 2021 2806 2043 ,
2836 1993 2900 2032 ac
2949 1994 3034 2032 res
3082 1993 3265 2030 sacras
3288 2017 3303 2042 ,
3347 1991 3538 2046 panem

1970 2074 2179 2127 scilicet
2209 2086 2273 2126 ac
2301 2072 2505 2135 vinum,
2536 2086 2654 2140 qua:
2690 2072 2740 2124 in
2770 2070 3040 2124 sacriﬁcio
3072 2069 3374 2125 oﬂ‘ernntur
3397 2110 3410 2131 ,
3450 2076 3552 2121 aut

1970 2179 2098 2219 vasa
2127 2163 2321 2233 quibus
2345 2163 2457 2217 haec
2485 2162 2835 2232 excipiuntur
2860 2201 2875 2225 ,
2920 2162 3171 2229 patellam
3225 2174 3415 2226 nempe
3456 2174 3547 2213 sa-

1972 2271 2117 2310 cram
2146 2267 2199 2311 et
2230 2255 2454 2311 calicem
2483 2254 2823 2322 contingere.
2876 2268 2997 2307 cum
3033 2268 3133 2307 nec
3175 2267 3401 2320 usquam
3430 2251 3545 2305 haec

1973 2346 2169 2401 deferri
2202 2361 2297 2416 per
2324 2360 2418 2399 eos
2445 2346 2609 2399 liceat
2634 2384 2653 2410 ,
2691 2359 3035 2414 nequaquam
3064 2345 3193 2413 ipsis
3223 2357 3553 2398 concessum

1976 2453 2098 2493 esse
2127 2433 2502 2493 demonstret.'

1977 2552 2205 2607 ARIST.
2240 2571 2257 2603 ι
2293 2551 2431 2606 Vasa
2464 2552 2712 2605 minister
2745 2566 2811 2605 ne
2849 2559 3055 2618 tangat.
3100 2568 3121 2602 ι

2052 2641 2302 2695 Ecclesim
2350 2641 2582 2694 ministri
2638 2655 2766 2692 vasa
2827 2639 3103 2693 Dominica
3157 2638 3402 2691 manibus
3443 2653 3547 2691 non

1981 2737 2228 2797 tangunt,
2258 2728 2351 2781 sed
2376 2742 2404 2779 a
2433 2728 2808 2781 sacerdotibus
2833 2736 2927 2805 aut.
2955 2727 3197 2781 diaconis
3220 2729 3283 2781 ad
3313 2742 3555 2781 mensam

1982 2840 2045 2879 ea
2077 2824 2435 2877 adducuntur.

2436 2961 2596 3033 463
2645 2960 2875 3018 cauom
2916 2961 3065 3017 xxu

1992 3111 2013 3146 ι
2046 3092 2197 3161 Quod
2221 3106 2325 3148 non
2349 3101 2560 3160 oportet
2584 3092 2893 3146 ministrum
2923 3092 3067 3147 ferre
3093 3092 3353 3158 orarium,
3382 3108 3559 3163 neque

2453 3203 2470 3236 ι
2512 3183 2645 3238 ostia
2681 3184 3003 3253 relinquere.
3041 3202 3061 3236 ι

2055 3320 2248 3376 BALS.
2285 3319 2532 3377 Orarium
2583 3319 2724 3373 ferre
2775 3328 2857 3372 est
2913 3320 3151 3374 solorum
3182 3321 3561 3377 diaconorum.

1988 3415 2053 3470 Hi
2079 3416 2223 3472 enim
2277 3415 2376 3477 eis,
2404 3413 2495 3482 qui
2538 3413 2836 3475 celebrant,
2892 3414 3232 3478 assistentes,
3265 3424 3317 3468 et
3351 3423 3566 3469 sancta-

1988 3521 2106 3559 rum
2141 3504 2446 3560 orationum
2486 3503 2773 3572 mysteria,
2813 3512 2867 3556 et
2896 3505 3338 3573 presbyterorum
3380 3506 3560 3574 prola-

1990 3597 2163 3650 tiones
2196 3597 2569 3655 observantes,
2605 3594 2685 3647 eis
2714 3596 2804 3661 qui
2843 3604 2969 3647 sunt
3010 3595 3061 3647 in
3094 3605 3347 3665 suggesm
3379 3596 3562 3649 diaco-

1990 3688 2077 3741 nis
2107 3702 2201 3755 per
2229 3685 2468 3738 orarium
2504 3684 2813 3751 signiﬁcant
2840 3684 3057 3750 quando
3080 3685 3267 3738 debeat
3294 3685 3405 3739 ﬁeri
3438 3702 3566 3754 pro-

1992 3778 2261 3833 nuntiatio
2286 3792 2380 3830 seu
2417 3775 2645 3845 prolatio
2675 3776 2996 3840 petitionum
3023 3776 3563 3841 catechumenornm,

1991 3883 2046 3928 et
2076 3873 2428 3939 reliquorum.
2463 3870 2529 3923 Et
2570 3868 2903 3940 appellatum
2936 3880 3020 3925 est
3046 3871 3284 3924 orarium
3329 3873 3438 3925 ἀπὸ
3469 3872 3565 3926 τοῦ

1993 3966 2128 4036 ὁρῶ,
2161 3965 2304 4033 quod
2336 3974 2422 4017 est
2459 3965 2714 4017 observo.
2749 3962 3209 4028 Quemadmodum
3258 3975 3434 4018 autem
3468 3966 3568 4019 hoc

1995 4059 2234 4112 diaconis
2280 4066 2365 4111 est
2403 4056 2749 4120 attributum,
2806 4054 2977 4108 visum
3030 4064 3113 4110 est
3170 4057 3569 4125 liypodiaconos

1996 4163 2210 4219 quoque
2243 4149 2594 4204 ecclesiarum
2643 4151 2786 4205 fores
2820 4160 3023 4212 tenere,
3059 4159 3112 4203 et
3144 4151 3563 4204 catechumenm

1997 4240 2344 4295 introducere
2374 4251 2428 4294 et
2457 4242 2710 4306 educere,
2752 4258 2814 4297 ac
2843 4257 2936 4297 eos
2966 4242 3069 4309 qui
3104 4252 3233 4293 sunt
3288 4241 3340 4294 in
3393 4244 3569 4308 paeni-

1999 4336 2186 4387 tentia.
2222 4332 2516 4402 Pr0pterea
2545 4334 2689 4387 enim
2723 4335 2889 4389 hodie
2918 4349 3134 4403 quoque
3171 4334 3334 4388 etiam
3376 4335 3442 4387 ab
3474 4334 3572 4404 by-

1999 4427 2312 4495 podiaconis
2348 4426 2545 4481 dicitur
2572 4426 2727 4491 illud,
2758 4427 3033 4494 Quotquot
3063 4427 3268 4490 ﬁdeles,
3301 4427 3389 4493 qui
3425 4425 3573 4479 scili«

325 4536 488 4586 γεται
514 4518 594 4580 τὸ,
619 4517 776 4569 Ὅσοι
802 4516 1004 4576 πιστοὶ,
1027 4512 1268 4581 δηλονότι
1304 4512 1353 4564 οἱ
1382 4512 1455 4579 μὴ
1511 4513 1714 4572 πιστοὶ,
1760 4509 1885 4563 ἀλλὰ

2001 4529 2087 4575 cet
2110 4533 2213 4572 non
2245 4518 2380 4572 estis
2407 4516 2610 4593 fideles,
2636 4517 2729 4571 sed
2757 4516 3155 4577 cateebuineni.
3199 4516 3519 4585 egredimini
3544 4531 3559 4566 :

323 4608 729 4679 κατηχούμενοι
753 4607 927 4667 ὄντες,
960 4604 1203 4669 ἐξέλθετε
1235 4604 1318 4670 ’ζοὶ
1344 4604 1398 4655 δὲ
1420 4603 1623 4667 πιστοὶ,
1655 4603 1897 4666 ἴστασθε,

324 4704 587 4771 ὀψόμενοι
628 4700 728 4766 τὴν
755 4700 861 4751 τῶν
894 4698 1065 4766 ἁγίων
1104 4696 1421 4766 μυστηρίων
1451 4696 1666 4749 θυσίαν.
1700 4697 1809 4749 Καὶ
1837 4696 1897 4747 οὑ

330 4795 494 4862 μόνον
523 4791 701 4844 ταῦτα
739 4790 806 4842 τὰ
835 4789 1108 4857 προνόμια
1145 4788 1358 4851 τούτοις
1418 4786 1714 4856 ἐδόθησαν·
1766 4786 1901 4839 ἀλλὰ

328 4888 567 4946 καὶτοῖς
612 4883 823 4944 λοιποῖς
869 4882 1137 4950 τάγμασι.
1199 4882 1324 4942 Τοῖς
1376 4880 1484 4948 γὰρ
1528 4879 1903 4946 ἁναγνώσταις

326 4976 581 5037 διακονία
615 4974 775 5045 ἐδόθη
809 4975 931 5044 οὑχὶ
959 4973 1020 5025 τὸ
1046 4972 1290 5041 ψάλλειν,
1328 4973 1463 5024 ἀλλὰ
1520 4975 1580 5025 τὸ
1634 4970 1901 5039 ἀναγινώ-

338 5083 494 5120 σκειν
520 5066 622 5128 τὰς
644 5066 793 5126 θείας
816 5063 1039 5133 Γραφάς
1060 5063 1151 5113 ἐπὶ
1172 5066 1324 5133 κοινῇ
1349 5062 1631 5131 ἀκροάσει,
1670 5060 1766 5113 καὶ
1792 5063 1904 5123 τοῖς

330 5155 570 5224 ψάλταις
589 5154 907 5224 τὸψάλλειν.
973 5152 1194 5221 Ἐπειδὴ
1246 5150 1339 5204 οὖν
1384 5150 1704 5220 ἐπεχείρουν
1760 5151 1904 5211 τινὲς

333 5220 687 5302 ὑποδιάκονοι
704 5220 920 5316 ὠράρια
945 5245 1130 5313 φορεῖν
1156 5220 1304 5312 παρά
1327 5241 1425 5312 τὴν
1446 5240 1905 5311 ὲκκλησιαστικὴν

336 5340 664 5409 παράδοσιν,
700 5338 986 5391 ἐκώλυσαν
1008 5335 1167 5388 τοῦτο
1202 5336 1250 5387 οἱ
1292 5334 1557 5403 Πατέρες,
1580 5333 1676 5384 καὶ
1721 5333 1906 5400 διωρί-

334 5446 502 5485 σαντο
529 5431 603 5500 μὴ
626 5427 1127 5499 ἔγκαταλιμπάνειν
1162 5426 1363 5488 αὑτοὺς
1393 5424 1491 5496 τὴν
1524 5424 1770 5493 φυλακὴν
1796 5423 1905 5477 τῶν

336 5522 794 5593 ἀπονεμηθεισῶν
834 5522 1016 5583 αὐτοῖς
1049 5518 1228 5589 θυρῶν
1271 5518 1379 5571 τῶν
1439 5516 1765 5587 ἐκκλησιῶν,
1818 5516 1905 5570 ἵνα

341 5613 422 5681 μὴ
462 5612 659 5677 ἀταξία
686 5613 910 5681 γένηται
928 5611 1052 5665 τῶν
1076 5610 1235 5681 ἱερῶν
1262 5607 1575 5678 ταγμάτων.

416 5752 665 5806 ΖΩΝΛΡ.
710 5750 957 5820 Ἐκάστῳ
1018 5747 1149 5818 ἱερῷ
1214 5747 1455 5817 τάγματι
1506 5743 1909 5815 απονενέμηται

339 5842 439 5893 καὶ
498 5841 657 5913 στολὴ
706 5842 879 5895 οἰκεία
933 5838 1102 5910 αὐτῷ,
1160 5840 1254 5893 καὶ
1311 5839 1602 5911 ὑπηρεσία.
1628 5838 1753 5900 Τοῖς
1779 5835 1909 5906 γοῦν

2005 4608 2186 4663 ﬁdeles
2213 4620 2391 4663 autem
2440 4617 2605 4671 state,
2629 4609 2796 4663 visuri
2831 4619 3141 4669 sanctorum
3191 4609 3573 4678 mysteriorum

2004 4701 2353 4756 sarrilieium.
2388 4700 2455 4755 Et
2501 4716 2607 4754 non
2644 4701 2817 4754 solum
2850 4700 2929 4755 eis
2978 4700 3093 4754 haec
3128 4699 3403 4767 privilegia
3448 4698 3571 4751 data

2002 4802 2147 4859 sunt,
2180 4794 2272 4847 sed
2309 4792 2530 4861 reliquis
2559 4798 2721 4847 etiam
2747 4791 3057 4847 ordinibus.
3081 4790 3399 4845 Lectoribus
3428 4788 3569 4844 enim

2004 4885 2360 4939 ministerium
2396 4886 2581 4939 datum
2616 4894 2729 4951 est,
2765 4900 2868 4939 non
2900 4885 3188 4955 psallendi,
3225 4886 3318 4940 sed
3351 4884 3569 4953 legendi

2004 4976 2212 5030 divinas
2248 4976 2559 5044 Scripturas
2588 4976 2643 5029 in
2675 4977 2949 5031 communi
2988 4976 3262 5030 auditione
3294 4990 3308 5027 :
3361 4985 3414 5028 et
3444 4989 3574 5027 can—

2006 5069 2240 5132 toribus,
2298 5068 2584 5137 psallendi.
2631 5068 2765 5134 Quia
2818 5084 2946 5139 ergo
2994 5069 3325 5123 conabantur
3357 5065 3571 5135 quidam

2003 5160 2311 5216 subdiacoui
2366 5159 2506 5214 ferre
2562 5162 2770 5225 oraria,
2816 5171 3001 5216 contra
3036 5159 3370 5213 traditionem
3399 5158 3609 5209 eceIe-’

2004 5251 2300 5317 siasticam,
2329 5250 2515 5306 Patres
2545 5252 2649 5305 hoc
2684 5253 3096 5321 prohibuerunt,
3138 5258 3201 5304 et
3243 5254 3574 5309 statuerunt,

2006 5353 2065 5395 ut
2111 5343 2145 5394 ii
2190 5357 2296 5395 non
2348 5342 2718 5411 relinquerent
2770 5343 2872 5398 sibi
2926 5342 3233 5396 attributam
3278 5336 3574 5391 custodiam

2007 5442 2286 5505 portarunt
2339 5435 2624 5491 ecclesiae:
2688 5450 2757 5490 ne
2817 5435 2891 5490 sit
2955 5441 3266 5488 sanctorum
3326 5428 3577 5485 ordinum

2009 5525 2276 5580 confusio.

2081 5738 2663 5815 ZONARJJnicuique
2688 5724 2843 5794 sacro
2863 5737 3061 5802 ordini,
3089 5746 3145 5791 et
3178 5730 3308 5791 suus
3329 5735 3575 5800 habitus,

2014 5843 2068 5890 et
2096 5834 2306 5904 propria
2327 5834 2624 5890 miniSteria
2648 5830 2900 5888 attributa
2927 5828 3100 5887 fuere.
3126 5827 3386 5889 Ministris
3410 5827 3576 5891 igitus
