4052 6462
442 421 576 486 1371

1681 421 1958 485 THEOD.
2001 419 2403 482 BALSAM'ON

3552 412 3711 478 1372

438 554 578 610 quos
612 538 1014 611 bypodiaconos
1044 552 1164 593 esse
1217 537 1480 601 diximus,
1531 538 2013 594 orarium‘deferre

2142 539 2443 607 ιπηρέταις,
2480 537 2599 608 ἦτοι
2630 537 2742 597 τοῖς
2767 533 3145 596 ὑποδιακόνοις
3179 530 3316 600 (60),
3342 532 3442 586 οὑκ
3470 532 3711 599 ἐφεῖται

440 633 663 685 vetitum
693 640 794 685 est.
832 630 1187 684 Diaconorum
1226 644 1463 696 namque
1498 629 1546 681 id
1593 639 1674 683 cst
1720 630 2011 697 peculiare.

443 721 573 775 illud
600 736 745 785 vero,
768 736 832 775 ne
856 736 885 775 a
920 721 1121 789 foribus
1147 721 1458 785 abscedant,
1483 722 1552 773 ita
1588 722 1805 790 intelligi
1834 722 2012 785 debet,

446 814 710 881 siquidem
768 796 1393 882 antiquisbtemporilms
1464 815 1528 866 ad
1582 813 1725 867 fores
1773 816 2015 868 ecclesia:

447 906 762 967 consistere,
799 905 981 973 ibique
1018 906 1443 967 catechutnenis,
1484 914 1538 959 et
1585 905 1650 959 iis
1680 905 1767 973 qui
1804 906 1855 956 in
1901 919 2018 972 pae—

448 996 730 1049 nitentium
787 998 977 1049 ordine
1027 996 1410 1061 censebantur,
1460 1012 1580 1049 cum
1645 1010 1779 1063 opus
1830 994 2018 1059 foret,

448 1083 758 1135 emittendis
808 1100 1028 1153 operam
1077 1086 1207 1138 dare
1266 1084 1620 1155 hypodiaeoni
1673 1085 1816 1139 soliti
1868 1095 2014 1138 sunt.

451 1171 745 1240 Propterea
791 1190 931 1227 nunc
955 1190 1168 1243 quoque
1200 1176 1351 1236 illud,
1395 1177 1711 1244 Quicunque
1760 1178 1891 1233 estis
1930 1193 2021 1233 ca-

450 1264 775 1323 techumeni,
816 1265 1169 1332 egredimini,
1221 1265 1320 1334 ipsi
1359 1268 1729 1333 pronuntiant.
1769 1267 1922 1332 Quod
1977 1269 2021 1321 si

452 1353 555 1408 hoc
589 1364 831 1421 tempore
862 1370 1196 1424 nequaquam
1227 1360 1291 1410 ad
1318 1356 1461 1412 fores
1482 1359 1726 1413 ecclesiae
1758 1358 2023 1423 assident,

454 1462 557 1498 non
584 1456 665 1499 est
696 1462 792 1500 cur
820 1447 1094 1500 miremur.
1128 1446 1277 1501 Mulli
1314 1449 1508 1501 etenim
1550 1450 1641 1503 alii
1686 1452 1888 1516 antiqui
1922 1449 2025 1504 Ec-

453 1539 633 1591 clesiae
666 1554 841 1593 mores
877 1556 1017 1593 nunc
1047 1541 1261 1607 quidem
1308 1542 1529 1595 omnino
1568 1541 1830 1594 immutati
1876 1551 2023 1596 sunt.

457 1626 548 1680 Sic
600 1630 809 1684 divinas
841 1646 1055 1699 quoque
1092 1630 1400 1699 Scripturas
1446 1632 1496 1683 in
1551 1640 1815 1684 conventu
1848 1632 2029 1700 populi

456 1722 708 1786 rrcitarc,
739 1723 881 1792 quod
914 1723 994 1777 vel
1026 1740 1091 1777 ex
1125 1724 1242 1791 ipso
1271 1723 1488 1777 lectoris
1521 1724 1776 1787 nomine,
1814 1734 1926 1777 tum
1960 1738 2029 1778 ex

454 1816 695 1877 sequenti
728 1830 935 1868 canone
972 1824 1080 1868 tttm
1114 1830 1176 1868 ex
1210 1812 1661 1881 Carthaginensis
1696 1815 1890 1883 synodi
1939 1831 2031 1870 ca—

2117 631 2304 698 φορεῖν
2335 628 2593 698 ώράριον.
2625 624 2794 681 Τοῦτο
2824 624 2932 691 γάρ
2971 623 3081 676 τῶν
3124 624 3389 677 διακόνων
3419 624 3561 675 ἐστί.
3620 622 3713 673 Τὸ

2118 721 2174 774 δέ
2212 720 2284 790 μὴ
2304 719 2810 787 ἐγκαταλιμπάνειν
2842 716 2939 779 τὰς
3001 715 3172 787 θύρας
3221 717 3533 785 ὑπηρέτουν
3581 715 3710 765 τῶν

2119 812 2451 882 ἐκκλησιῶν,
2523 809 2877 871 ἐκϐάλλοντες
2926 808 3547 879 τοὺςικατηχουμένους
3597 807 3711 858 καὶ

2118 904 2245 966 τοὺς
2279 905 2334 955 ἐν
2367 902 2649 971 μετανοίᾳ,
2676 902 2763 953 ὅτε
2792 901 2918 954 ἔδει.
2952 901 3042 956 Διὸ
3071 902 3165 952 καὶ
3223 898 3319 951 νῦν
3374 898 3530 951 αὑτοὶ
3598 898 3711 949 ἐκι-

2121 993 2358 1062 φωνοῦσι
2392 997 2477 1059 τό,
2514 996 2577 1046 Οἱ
2610 992 3031 1062 κατηχούμενοι,
3076 990 3386 1061 προέλθετε.
3422 991 3480 1041 Εἰ
3513 990 3571 1042 δὲ
3600 990 3713 1041 νῦν

2121 1085 2179 1136 οὑ
2207 1086 2332 1153 περὶ
2351 1084 2447 1145 τὰς
2473 1084 2641 1153 θύρας
2663 1082 3044 1152 ἀσχολοῦνται,
3076 1083 3138 1134 οὑ
3162 1083 3494 1148 θαυμαστόν.
3514 1082 3717 1133 Πολλὰ

2122 1175 2233 1244 γὰρ
2267 1174 2375 1227 τῶν
2424 1176 2480 1227 ἐν
2502 1178 2620 1236 ταῖς
2666 1174 2982 1243 ἐκκλησίαις
3022 1173 3191 1226 πάλαι
3239 1158 3545 1242 γινομένων
3603 1172 3716 1225 νῦν

2124 1267 2301 1331 ἄλλως
2337 1267 2607 1337 ἐκράτησε
2634 1255 2899 1334 γίνεσθαι.
2924 1268 3033 1319 Καὶ
3047 1268 3156 1327 τοῖς
3191 1264 3716 1330 ἁναγνώσταις’γὰρ

2124 1360 2184 1411 τὺ
2211 1358 2605 1426 ἀναγινώσκειν
2634 1360 2730 1421 τὰς
2764 1358 2915 1420 Θείας
2944 1357 3166 1425 Γραφὰς
3198 1358 3278 1418 εἰς
3320 1357 3558 1424 ἐπήκοον
3606 1356 3717 1408 τοῦ

2127 1449 2257 1502 λαοῦ
2289 1449 2447 1520 ἔργον
2478 1446 2567 1521 ἦν,
2595 1450 2670 1513 ώς
2705 1451 2799 1503 καὶ
2835 1451 2899 1503 ἐκ
2930 1448 3023 1502 τοῦ
3064 1449 3323 1519 ὀνόματος
3363 1450 3543 1501 αὑτῶν
3598 1450 3719 1500 δεξ-

2130 1559 2322 1595 κνυται
2357 1545 2450 1596 καὶ
2475 1546 2539 1597 ἐκ
2567 1543 2658 1597 τοῦ
2698 1545 2823 1613 ἑξῆς
2849 1544 3095 1608 κανόνος,
3151 1544 3246 1595 καὶ
3305 1543 3397 1595 τοῦ
3447 1546 3715 1609 ἐνενηκο-

2132 1634 2257 1687 στοῦ
2280 1636 2377 1705 τῆς
2419 1637 2477 1689 ἐν
2510 1636 2844 1707 Καρθαγένῃ
2891 1636 3111 1689 συνόδου
3144 1652 3158 1666 ⁶
3206 1636 3340 1687 ἀλλὰ
3390 1634 3482 1685 νῦν
3542 1634 3717 1702 ἔργον

2131 1726 2316 1789 αὑτοῖς
2362 1728 2423 1781 τὸ
2476 1728 2719 1797 ψάλλειν,
2775 1728 2836 1780 τὸ
2864 1727 2920 1780 δὲ
2959 1728 3351 1795 ἀναγινώσκειν
3395 1728 3593 1788 αὐτοὺς
3632 1726 3717 1785 ὡς

2132 1817 2219 1869 ἐπ’
2250 1819 2531 1886 ἐλάχιστον
2554 1822 2783 1886 γίνεται.

454 1921 591 1959 noue
622 1905 1137 1969 90‘demon51ratur,
1164 1908 1441 1975 proprium
1484 1908 1746 1960 lectorum
1781 1906 2013 1961 omcium
2048 1921 2112 1962 ac
2143 1925 2338 1965 munus
2370 1912 2468 1965 fuit
2500 1930 2514 1967 :
2550 1915 2742 1981 quibus
2779 1925 2958 1971 tamen
3037 1915 3263 1985 plurima
3314 1914 3412 1965 hoc
3466 1922 3723 1979 tempore

453 2002 680 2055 canendi
733 2016 884 2063 cura,
943 2017 1064 2055 cum
1124 2017 1219 2056 eos
1281 2002 1496 2055 lectioni
1553 2017 1678 2055 raro
1730 2002 2016 2055 admodum
2050 2017 2268 2071 operam
2299 2021 2493 2061 navare
2529 2011 2826 2079 contingat.

453 2093 684 2149 AlilST.
726 2112 744 2144 ι
777 2093 1083 2149 Ministrum
1132 2106 1342 2164 gestare
1370 2097 1609 2151 orarium
1654 2112 1761 2151 nou
1795 2106 2025 2166 oportet,

2142 2103 2355 2157 APIIT.
2398 2123 2417 2155 ι
2464 2105 2777 2177 ’Υπηρέτην
2826 2105 3063 2175 ὡράριον
3097 2104 3157 2157 οὑ
3187 2104 3269 2156 δεῖ
3324 2106 3533 2172 φορεῖν,
3588 2101 3727 2156 οὑδὲ

822 2204 841 2236 ι
879 2199 1051 2254 neque
1086 2186 1228 2241 fores
1258 2189 1581 2257 relinquere.
1619 2207 1637 2239 ι

526 2276 764 2345 Quisque
794 2276 953 2332 debet
987 2295 1139 2332 suum
1169 2295 1492 2333 conservare
1522 2280 1785 2341 ordinem,
1817 2290 1871 2334 et
1900 2280 2022 2334 dili-

459 2383 648 2438 genter
676 2371 948 2437 proprium
970 2371 1183 2439 explere
1204 2373 1584 2427 ministerium.
1611 2374 1817 2426 idcirco
1845 2375 2027 2440 itaque

462 2475 559 2513 nec
586 2461 827 2515 ecclesiae
876 2462 1105 2514 ministri
1160 2463 1303 2515 fures
1335 2465 1640 2531 relinquere
1674 2465 1888 2527 debent,
1926 2466 2019 2519 sed

462 2555 529 2605 ad
562 2554 753 2606 divime
785 2555 1124 2622 tnystagogia:
1168 2556 1324 2609 ﬁnem
1360 2557 1429 2610 ibi
1462 2567 1608 2609 stare
1634 2596 1648 2619 ,
1688 2566 1741 2610 et
1774 2558 1916 2625 quod
1948 2560 2029 2611 eis

422 2646 620 2715 aleret
670 2645 1023 2699 ministerium
1080 2662 1362 2716 peragere.
1421 2648 1668 2701 Orarium
1704 2658 1881 2701 autem
1933 2664 2031 2701 nec

467 2737 548 2791 eis
580 2754 677 2790 nec
718 2739 1013 2792 lectoribus
1058 2749 1152 2791 aut
1192 2741 1510 2794 cantoribus
1542 2739 1688 2794 ferre
1729 2740 1874 2794 licet.
1923 2740 2035 2794 Hoc

466 2826 608 2879 enim
643 2827 706 2879 ad
738 2826 994 2880 diaconos
1028 2828 1285 2895 pertinet.

1025 3004 1253 3060 CANON
1285 3005 1472 3059 XXIII.

477 3115 498 3147 ι
539 3096 689 3162 Quod
741 3112 848 3150 non
897 3106 1107 3167 oportet
1163 3099 1390 3154 lectores
1444 3099 1529 3153 vel
1582 3106 1841 3155 cantores.
1885 3102 2039 3156 ferre

692 3206 711 3239 ι
751 3190 1010 3252 orarium,
1051 3200 1103 3243 et
1138 3192 1215 3245 sic
1244 3192 1418 3259 legere
1445 3188 1525 3244 v'cl
1556 3205 1770 3245 canere.
1804 3211 1821 3242 ι

539 3282 733 3335 BALS.
767 3283 897 3347 Quae
926 3282 977 3334 in
1012 3297 1216 3335 canone
1242 3282 1313 3334 22
1347 3284 1541 3350 scripta
1578 3294 1728 3351 sunt,
1764 3285 2047 3339 suliiciunt'

473 3374 538 3425 ad
570 3371 851 3437 praesentis
879 3371 1105 3424 canonis
1139 3371 1657 3438 interpretationem.

545 3461 799 3517 ΞΟΝΛΠ.
850 3461 1072 3514 Easdem
1120 3461 1188 3513 ob
1235 3478 1429 3518 causas
1461 3480 1525 3518 ne
1556 3466 1640 3520 his
1672 3468 1883 3533 quidem
1915 3484 2041 3523 ora-

476 3552 617 3603 rium
672 3551 881 3603 dcicrre
930 3551 1253 3619 permissum
1308 3562 1411 3607 est.
1461 3555 1538 3608 Ac
1575 3554 1779 3624 legendi
1832 3559 2043 3626 quidem

475 3642 695 3694 verbum
749 3643 815 3693 ad
876 3642 1128 3708 lectores,
1174 3643 1437 3713 psallendi
1494 3660 1621 3701 vero
1673 3649 1738 3700 ad
1793 3659 2045 3706 cantores

477 3734 666 3787 referri
727 3744 957 3801 oportet.

474 3826 703 3881 AltlST.
743 3846 762 3878 ι
806 3827 1073 3883 Cantores
1125 3838 1179 3883 et
1232 3829 1463 3885 lectores
1523 3848 1625 3887 non
1686 3811 1869 3889 ferunt
1917 3850 2045 3889 ora-

1139 3944 1157 3976 (
1194 3941 1350 3980 l’lllm.
1391 3942 1441 3975 ιι

944 4015 1107 4090 464
1136 4017 1364 4074 CANON
1398 4016 1587 4073 xxw.

484 4131 501 4163 ι
542 4113 693 4178 Quod
728 4132 830 4169 non
879 4127 1092 4186 oportet
1129 4125 1400 4171 sacratum
1435 4131 1463 4169 a
1512 4118 1828 4187 presbytero
1876 4133 2047 4184 usque

556 4226 573 4255 ι
611 4211 676 4259 ad
705 4211 1015 4271 diaconum,
1044 4220 1097 4263 et
1142 4210 1395 4279 deinceps
1455 4190 1746 4277 quemlibet
1791 4210 2048 4264 ecclesia-

562 4320 580 4347 ο
619 4302 738 4357 stici
767 4304 995 4363 ordinis.
1022 4317 1189 4369 usque
1219 4306 1284 4355 ad
1323 4302 1616 4361 ministros,
1670 4301 1757 4354 vel
1798 4301 2046 4361 lectores,

558 4415 575 4443 ι
616 4397 695 4447 vel
744 4406 1017 4458 cantores,
1051 4394 1132 4447 vel
1179 4392 1495 4455 exorcistas,
1531 4390 1614 4444 vel
1661 4390 1938 4452 ostiarios,
1967 4390 2049 4444 vel

559 4507 576 4535 ι
614 4488 819 4540 ordinis
856 4488 1240 4540 monachorum
1270 4526 1284 4550 ,
1316 4485 1367 4536 in
1401 4498 1699 4549 cauponam
1745 4483 1970 4548 ingredi.
2014 4501 2045 4533 ιι

559 4577 749 4632 BALS.
785 4576 924 4644 Lege
959 4592 1219 4631 cauonem
1257 4574 1607 4644 apostolicum
1642 4572 1731 4636 51,
1773 4572 2051 4638 Carthagi-

484 4669 667 4724 nensis
697 4667 884 4733 synodi
908 4683 1164 4720 cauonem
1188 4666 1279 4729 40,
1300 4678 1352 4719 et
1381 4676 1544 4719 sexta:
1576 4665 1760 4731 synodi
1793 4678 2050 4718 cauonem

488 4762 548 4825 9,
583 4772 637 4814 et
665 4759 938 4813 sumeiunt
972 4775 1093 4829 quae
1122 4760 1171 4811 in
1204 4758 1307 4812 illis
1333 4759 1531 4825 scripta
1562 4766 1689 4808 sunt
1722 4755 1786 4808 ad
1817 4770 2051 4823 praesen-

488 4862 593 4905 tem
621 4866 833 4919 quoque
860 4865 1141 4906 cauonem.

560 4940 815 4995 ZONAR.
853 4942 931 4994 Ad
982 4957 1277 5011 cauponam
1328 4940 1617 5001 divertere,
1675 4938 1775 4991 nisi
1833 4937 2044 4991 itineris

493 5036 630 5089 ratio
664 5035 733 5087 ibi
771 5034 1062 5104 hospitium
1114 5048 1310 5102 capere
1358 5030 1667 5085 necessario
1719 5032 2049 5095 compellat,

498 5125 792 5194 apostolico
820 5141 1025 5179 canone
1058 5125 1127 5179 54
1159 5123 1337 5177 clerici
1376 5121 1744 5189 prohibentur.
1775 5120 1916 5172 Idem
1962 5121 2048 5173 hic

494 5232 666 5271 canon
702 5218 961 5286 praecipit,
987 5218 1177 5272 eodem
1205 5217 1420 5269 decreto
1446 5211 1813 5266 exercitationi
1843 5225 2055 5280 quoque

496 5310 737 5363 addictos
767 5309 1010 5363 homines
1040 5306 1207 5361 teneri
1231 5308 1445 5372 iubens.

496 5400 721 5455 ARIST.
760 5419 778 5452 ι
816 5398 1004 5454 Omnis
1052 5400 1280 5452 clericus
1329 5413 1627 5468 cauponam
1684 5395 1885 5465 ingredi
1950 5408 2053 5447 non

1116 5511 1134 5544 ι
1170 5494 1348 5547 debet.
1382 5510 1401 5543 ι

2448 2212 2469 2245 ι
2510 2195 2606 2258 τὰς
2628 2195 2796 2265 θύρας
2832 2195 3286 2263 καταλιμπάνειν.
3327 2213 3345 2244 ι

2204 2287 2472 2350 Ἕκαστος
2502 2287 2707 2357 ὀφείλει
2738 2289 2837 2358 τὴν
2867 2287 3063 2340 ἑαυτοῦ
3090 2288 3377 2356 συντηρεῖν
3406 2285 3579 2349 τάξιν,
3623 2288 3725 2339 καὶ

2136 2378 2407 2447 ἐπιμελῶς
2439 2378 2538 2449 τὴν
2565 2379 2701 2432 ἰδίαν
2726 2380 3028 2449 ὑπηρεσίαν
3060 2378 3385 2447 ἐκπληροῦν.
3422 2380 3517 2428 Διὰ
3550 2378 3729 2431 τοῦτο

2138 2468 2268 2535 γοῦν
2293 2468 2413 2521 οὑδὲ
2447 2471 2495 2521 οἰ
2530 2468 2802 2537 ὑπηρέται
2833 2469 2928 2536 τῆς
2958 2467 3254 2535 ἐκκλησίας
3279 2466 3377 2527 τὰς
3414 2465 3587 2534 θύρας
3621 2467 3721 2531 ἐγ-

2139 2556 2570 2625 καταλιμπάνειν
2592 2557 2917 2623 ὀφείλουσιν,
2970 2555 3105 2608 ἀλλὰ
3165 2556 3325 2624 μέχρι
3369 2555 3557 2616 τέλους
3615 2555 3723 2621 τῆς

2140 2646 2292 2705 θείας
2336 2648 2726 2717 μυσταγωγίας
2753 2650 2933 2700 ἐκεῖσε
2964 2647 3240 2711 ἵστασθαι,
3274 2648 3368 2700 καὶ
3423 2647 3481 2698 τὸ
3511 2650 3727 2715 ἀνῆκον

2138 2740 2325 2802 αὑτοῖς
2348 2739 2718 2811 λειτούργημα
2758 2739 3091 2809 ἐκπληροῦν.
3154 2740 3407 2807 Ὠράριον
3455 2738 3511 2789 δὲ
3573 2741 3722 2805 μήτε

2140 2832 2332 2894 αὑτοὺς
2394 2836 2530 2902 μήτε
2590 2834 2941 2901 ἀναγνώστας
2967 2832 2999 2903 ἢ
3027 2832 3235 2901 ψάλτας
3269 2834 3456 2901 φορεῖν
3494 2848 3510 2861 ο

2140 2926 2247 2993 γὰρ
2284 2924 2392 2977 τῶν
2438 2925 2698 2995 διακόνων
2724 2927 2857 2980 ἐστί.

2726 3017 2961 3070 ΚΑΝΩΝ
2996 3015 3122 3071 KE'.

2150 3128 2166 3161 ι
2209 3110 2329 3163 Ὅτι
2359 3110 2419 3163 οὐ
2450 3112 2532 3164 δεῖ
2562 3109 2911 3177 ἀναγνώστας
2945 3109 2977 3178 ἢ
3007 3096 3466 3182 ψάλταςώράριον
3500 3116 3727 3180 φορεῖν,

2324 3220 2342 3252 ι
2389 3201 2481 3254 καὶ
2513 3199 2681 3263 οὕτως
2727 3200 3121 3266 ἀναγινώσκειν
3158 3202 3189 3271 ἢ
3223 3200 3466 3269 ψάλλειν.
3508 3221 3525 3252 ι
3568 3250 3571 3253 η

2215 3296 2412 3348 ΒΑΛΣ.
2439 3293 2522 3347 Τὰ
2547 3296 2624 3355 εἰς
2644 3293 2733 3345 τὸν
2766 3293 2849 3361 κβ¹
2895 3294 3097 3347 κανόνα
3140 3296 3420 3365 γραφέντα
3480 3296 3730 3364 ἀρκοῦει

2142 3387 2235 3440 καὶ
2280 3389 2357 3447 εἰς
2394 3386 2685 3454 ἑρμηνείαν
2717 3386 2805 3437 τοῦ
2844 3386 3106 3454 παρόντος
3135 3386 3381 3449 κανόνος.

2212 3476 2575 3529 ΖΩΝΛΡ.Διὰ
2627 3476 2723 3535 τὰς
2754 3475 3051 3544 εἰρημένας
3094 3475 3271 3536 αἰτίας
3321 3475 3442 3527 οὑδὲ
3504 3475 3734 3538 τούτοις

2145 3567 2354 3632 ἔξεστιν
2384 3568 2616 3637 ώράριον
2640 3569 2849 3636 φορεῖν.
2882 3567 2955 3619 Τὸ
2985 3568 3096 3637 γὰρ
3152 3566 3552 3633 ἀναγινώσκειν
3580 3568 3735 3619 ἀπο-

2145 3658 2325 3710 δοτέον
2349 3660 2459 3720 τοῖς
2487 3656 2877 3726 ἀναγνώσταις,
2910 3657 2967 3709 τὸ
3000 3657 3056 3711 δέ
3079 3656 3301 3718 ψάλλειν
3321 3659 3427 3719 τοῖς
3460 3656 3731 3725 ψάλταις.

3554 2831 3725 2883 τοῦτο

2146 3835 2366 3890 ΑΡΙΣΤ.
2439 3852 2457 3885 ι
2494 3834 2709 3887 Ψάλται
2767 3835 2861 3887 καὶ
2919 3842 3267 3899 άναγνωσται
3334 3851 3395 3887 ου
3459 3851 3757 3905 φορουσινν

2766 3944 2784 3976 ι
2820 3925 3076 3993 ώράριον.
3104 3943 3122 3975 ι

2744 4017 2970 4071 ΚΑΝΩΝ
3002 4018 3131 4071 KA'.

2156 4136 2175 4168 ι
2217 4114 2417 4168 Ὀτιοὺ
2440 4112 2522 4166 δεῖ
2560 4112 2831 4182 ἱερατικὸν
2863 4112 2970 4165 άπὸ
3012 4110 3382 4177 πρεσϐυτέρου
3432 4108 3537 4172 ἕως
3609 4111 3734 4164 δια-

2222 4227 2241 4260 ι
2284 4207 2460 4270 κόνου,
2487 4206 2581 4259 καὶ
2614 4199 2738 4274 ἑξῆς
2758 4205 2855 4273 τῆς
2885 4203 3351 4272 ἐκκλησιαστικῆς
3381 4201 3590 4266 τάξεως
3619 4203 3737 4265 ἕως

2227 4318 2245 4350 ι
2288 4297 2638 4369 ὑπηρετῶνῆ
2686 4276 3118 4363 γὰναγνωστῶνῆ
3171 4292 3388 4359 ψαλτῶν
3430 4292 3464 4362 ἢ
3498 4293 3736 4363 ἐφορκι-

2221 4409 2239 4442 ι
2283 4390 2422 4442 στῶν
2448 4387 2480 4458 ἢ
2508 4386 2793 4458 θυρωρῶν,
2818 4386 2851 4457 ἢ
2883 4386 2976 4437 τοῦ
3000 4385 3278 4454 τάγματος
3306 4383 3414 4435 τῶν
3440 4385 3733 4454 ἀσκητῶν,

2231 4503 2247 4533 ι
2290 4485 2364 4544 εἰς
2395 4482 2686 4551 καπηλεῖον
2707 4480 2952 4533 εἰσιέναι.
2993 4496 3010 4529 ι

2221 4577 2414 4630 ΒἈΛΣ.
2434 4574 2730 4642 Ἀνάγνωθι
2763 4573 2857 4625 τὸν
2887 4572 2956 4624 νδ⁹
2986 4569 3342 4641 ἀποστολικὸν
3372 4568 3596 4634 κανόνα,
3622 4569 3735 4637 τῆς

2154 4672 2211 4721 ἐν
2244 4668 2566 4738 Καρθαγένῃ
2596 4670 2796 4718 κανόνα
2836 4663 2909 4731 μ’,
2935 4664 3027 4715 καὶ
3056 4662 3152 4732 τῆς
3207 4660 3262 4726 ς’
3296 4661 3495 4715 κανόνα
3528 4661 3573 4712 θ’
3606 4662 3749 4725 ,καὶ-

2152 4762 2444 4831 ἁρκὲσουσι
2471 4760 2539 4813 τὰ
2581 4761 2638 4812 ἐν
2665 4758 2891 4820 ἐκείνοις
2917 4756 3195 4827 γραφέντα
3220 4756 3313 4807 καὶ
3337 4754 3428 4806 τὸν
3481 4755 3561 4815 εἰς
3582 4770 3729 4823 παρ.

2150 4856 2278 4907 όντα
2314 4852 2533 4906 κανόνα.

2216 4945 2457 4999 ΖΩΝΑΡ.
2490 4945 2599 4999 Καὶ
2628 4945 2655 4997 ό
2685 4942 2763 4995 νδ⁹
2787 4941 3143 5003 ἀποστολικδς
3172 4938 3352 4991 κανὼν
3382 4935 3747 5004 ἀπαγορεύει·

2146 5040 2257 5098 τοῖς
2316 5038 2595 5107 κληρικοῖς
2653 5036 2876 5088 εἰσιέναι
2930 5036 3008 5096 εἰς
3056 5033 3449 5099 καπη).εῖον,εί
3514 5017 3587 5099 μῖή
3618 5045 3727 5080 που

2149 5128 2402 5189 ὀδεύοιεν,
2436 5129 2529 5180 καὶ
2545 5130 2601 5179 ἐν
2624 5126 2924 5195 πανδοχείῳ
2949 5124 3018 5176 δι’
3054 5123 3298 5191 ἀνάγκην
3343 5118 3727 5173 καταλύσωσι.

2152 5220 2324 5272 Τοῦτο
2352 5219 2444 5272 οὖν
2479 5221 2570 5272 καὶ
2612 5222 2637 5272 ὁ
2663 5218 2852 5287 παρὼν
2879 5216 3061 5269 κανὼν
3098 5215 3459 5276 διατάττεται,
3486 5210 3725 5282 προσθέι

2157 5330 2313 5383 μενος
2346 5313 2438 5363 καὶ
2476 5312 2599 5372 τοὺς
2632 5313 2874 5379 ἀσκητάς

2230 5404 2447 5459 ΑΡΙΣΤ.
2490 5423 2506 5454 ι
2548 5404 2723 5466 ’Ἅπας
2749 5403 3008 5474 κληρικὺς
3042 5401 3443 5471 ἁκαπὴλευτος.
3492 5417 3510 5449 ι

1692 5600 1882 5665 Guill.
1913 5600 2237 5677 Beveregii
2268 5607 2455 5661 notae.

574 5741 685 5809 (60)
730 5736 857 5809 Tch
879 5736 1026 5809 [οὖν
1054 5714 1563 5809 ὑπηρέταις-,ἥξοι
1623 5728 1755 5809 τρῖς.
1809 5724 2056 5809 ὑςζοδια-

507 5796 731 5873 κόν-οἱς.
765 5796 860 5860 Hic
887 5796 1115 5858 'Zonarm
1152 5796 1304 5857 locus
1326 5796 1379 5857 in
1409 5796 1596 5857 codice
1626 5796 1886 5873 _Gallandi
1928 5808 2055 5873 nce-

512 5862 1077 5935 VlioniA'mcrbacltiano
1100 5876 1178 5929 sic
1224 5874 1436 5943 legitur,
1465 5873 1576 5933 τοῖς
1618 5865 1938 5935 ὑπηρέταις,
1966 5862 2065 5925 οὓς

2142 5725 2370 5795 ⁵ἒ-ςημεν
2403 5719 2540 5775 εἶναι
2595 5725 2717 5786 τοὺς
2749 5721 3151 5785 ὑποδιακόνους.
3201 5718 3301 5771 οὑκ
3355 5717 3569 5783 ἐφεῖται
3629 5734 3739 5786 φο-

2169 5800 2278 5865 ρεῖν
2308 5795 2562 5865 ώράριον.

3434 5944 3459 5973 /
