4052 6392
229 385 374 448 1373.

1329 390 1414 450 ΙΝ
1452 387 1620 450 CAN.
1658 389 1875 449 XXVII
1907 389 2115 450 CONC.
2161 391 2379 453 LAOD.

3312 380 3460 446 13τὲ

297 499 432 552 ’Λπὸ
449 499 834 572 πρεσϐυτέρων
866 501 1030 576 μέχρι
1054 502 1149 556 καὶ
1174 501 1269 556 τοῦ
1305 502 1532 572 ἐσχάτου
1565 500 1780 569 τάγμα-
1809 533 1821 560 Δ

1954 503 1996 554 A
2032 502 2360 572 presbyteris
2388 513 2557 566 usque
2603 499 2668 551 ad
2708 497 2950 550 ultimum
2993 503 3326 548 sacratorum
3359 509 3452 548 ora

227 608 318 648 τος
342 591 452 644 τῶν
487 592 779 661 ίερατικῶν
801 595 999 656 πάντες
1024 594 1320 648 κωλύονται
1369 593 1449 655 είς
1503 590 1787 660 κατηλεῖον

1927 594 2066 650 iuem
2107 609 2400 662 cauponam
2433 591 2635 661 ingredi
2668 603 2854 642 omnes
2877 588 3251 643 nrohibontur.

229 677 593 749 εἰσέρχεσθαι.

802 775 1040 829 ΚΑΝΩΝ
1089 774 1221 828 κε’.

241 881 260 914 ι
292 865 414 918 Ὀτι
443 866 504 918 οὐ
528 866 609 919 δεῖ
632 867 909 937 ὑπηρέτην
931 869 1095 938 ἄρτον
1130 869 1350 944 διδόναιε
1385 868 1501 922 οὐδὲ
1534 869 1790 937 ποτήριον

813 979 833 1010 ι
872 963 1133 1029 εὐλογεῖν.
1181 981 1201 1013 ι

304 1048 498 1105 ΒΑΛΣ.
534 1037 789 1120 Ἀρκοῦσι
820 1054 900 1114 εἰς
931 1051 1119 1105 τοῦτον
1149 1050 1238 1103 τὸν
1265 1050 1462 1103 κανόνα
1495 1051 1563 1104 τὰ
1595 1052 1673 1115 είς
1699 1051 1790 1105 τόν

230 1146 318 1191 καθ
339 1142 537 1194 κανόνα
579 1142 882 1210 γραφέντα.

299 1234 546 1290 ΖΩΝΑΡ.
595 1234 749 1288 Ἐπεὶ
778 1237 1048 1290 ἅπτεσθαι
1077 1240 1184 1292 τῶν
1226 1240 1390 1312 ἱερῶν
1439 1237 1649 1293 σκευῶν
1698 1238 1794 1290 αὐ-

2449 767 2676 825 CANON
2723 765 2893 821 XXV.

1897 885 1916 918 ι
1956 865 2109 931 Quod
2164 878 2265 917 non
2299 871 2512 930 Oportet
2563 860 2870 912 ministrum
2924 871 3117 927 panem
3170 856 3318 918 dare,
3369 849 3464 905 vel

2338 972 2356 1002 ι
2393 949 2548 1006 calici
2585 950 2913 1002 hencdicere.
2957 965 2977 998 ι

1961 1046 2152 1101 BALS.
2183 1035 2260 1099 Ad
2300 1046 2443 1099 hunc
2490 1057 2700 1112 quoque
2752 1055 3012 1094 canonem
3045 1035 3308 1094 suliiciunt
3337 1047 3471 1104 quur

1891 1144 1942 1198 in
1975 1140 2223 1192 vices-imo
2263 1138 2432 1202 primo
2469 1136 2665 1198 scripta
2699 1142 2844 1186 sunt.

1969 1230 2224 1285 ZONAR.
2261 1227 2391 1282 Cum
2425 1225 2807 1296 hypodiaconis
2857 1235 3015 1276 sacra
3049 1235 3178 1274 vasa
3229 1217 3441 1273 contin—
3536 1247 3540 1251 -

229 1329 345 1391 τοῖς
373 1328 472 1380 οὐκ
503 1330 734 1396 ἐφεῖται,
764 1330 886 1383 οὐδέ
929 1332 988 1383 ἐν
1024 1333 1103 1403 τῷ
1143 1309 1434 1403 διακόνικῷ
1485 1333 1799 1402 ἐμφιλοχω-

1925 1339 2042 1386 ἐι-εε,
2075 1333 2169 1377 aut
2219 1323 2271 1374 in
2321 1318 2603 1373 diaconico
2652 1317 2881 1375 versari,
2931 1327 3192 1368 munusve
3243 1309 3456 1378 aliquod

235 1422 371 1487 ρεῖν,
401 1422 493 1474 καί
529 1439 581 1474 τι
613 1424 855 1493 ἐνεργεῖν
903 1427 1042 1486 ἐκεῖ,
1083 1426 1262 1494 πολλῷ
1304 1426 1465 1479 πλέον
1510 1425 1690 1485 αὐτοῖς
1735 1421 1794 1474 οὐ

1925 1419 2089 1471 bidem
2116 1429 2370 1470 exercere
2401 1413 2622 1465 vetitum
2653 1410 2757 1473 sit;
2795 1408 2965 1461 multo
3011 1407 3192 1460 minus
3244 1411 3336 1462 aut
3365 1417 3461 1470 pa-

232 1509 768 1580 παραχωρηθήσεται
793 1514 886 1565 τὸν
922 1515 1085 1584 ἄρτον
1111 1515 1336 1579 διδόναι,
1355 1516 1599 1582 τουτέστι
1628 1529 1796 1582 μετα-

1896 1523 2015 1562 nem
2045 1508 2192 1564 dare.
2226 1506 2325 1557 hoc
2364 1511 2467 1565 est,
2496 1497 2707 1554 Domini
2747 1512 2948 1563 corpus
2983 1495 3228 1549 ﬁdelibus
3259 1492 3457 1558 imper-

229 1601 433 1653 διδόναι
456 1606 569 1666 τοῖς
592 1606 802 1669 πιστοῖς
827 1605 920 1658 τοῦ
964 1581 1217 1676 σώματος
1275 1606 1369 1660 τοῦ
1406 1581 1657 1673 νΚυρίου,
1705 1606 1799 1658 καὶ

1925 1600 2012 1664 iri,
2045 1610 2136 1652 aut
2169 1595 2437 1651 Dominici
2484 1592 2763 1663 sanguinis
2796 1589 2952 1645 calici
2978 1586 3326 1649 benedicere,
3356 1581 3467 1636 eis-

231 1694 477 1760 εὑλογεῖν
504 1697 564 1748 τὸ
588 1700 847 1766 ποτήριον
875 1697 968 1750 τοῦ
997 1698 1229 1761 αἵματος
1270 1699 1367 1752 τοῦ
1397 1698 1626 1766 Κυρίου.

1901 1691 2019 1745 dem
2051 1689 2256 1742 licehit.

230 1784 455 1838 ΑΡΙΣΤ.
514 1804 534 1837 ι
577 1765 773 1857 Ἀρτόν
824 1789 917 1840 καὶ
966 1788 1226 1859 ποτήριον
1280 1765 1562 1858 ὑπηρέτης
1611 1786 1672 1839 οὗ
1721 1785 1800 1839 δί-

1925 1780 2129 1836 HHST.
2167 1798 2184 1831 ι
2221 1777 2420 1832 Panem
2453 1786 2504 1830 et
2533 1774 2749 1828 calicem
2779 1770 3024 1826 minister
3054 1781 3158 1821 non
3196 1765 3310 1820 dat.
3349 1779 3372 1814 ι

892 1900 911 1932 ι
953 1880 1102 1934 δωσι.
1137 1899 1157 1932 ›

271 1957 276 1972 ’
311 1970 384 2022 Τὸ
410 1970 517 2023 τῶν
546 1972 934 2042 πρεσϐυτέρων
957 1974 1051 2027 καὶ
1082 1972 1348 2026 διακόνων
1378 1971 1540 2039 ἔργον
1592 1971 1642 2024 υί
1697 1971 1802 2023 ὑπ-

231 2062 432 2130 ηρέται
460 2063 557 2129 τῆς
594 2063 886 2130 ἐκκλησίας
933 2065 994 2116 οὗ
1058 2065 1472 2134 συγκεχώρηται
1521 2063 1762 2116 ἐκτελεῖν
1787 2080 1801 2094 ·

233 2155 330 2208 διὰ
355 2154 515 2207 τοῦτο
542 2155 663 2207 οὐδὲ
686 2155 850 2224 ἄρτον
878 2155 911 2224 ἢ
940 2156 1199 2224 ποτήριον
1219 2157 1424 2210 διδόασι
1452 2155 1530 2227 τῷ
1559 2156 1693 2226 λαῷ.

828 2247 1063 2302 κΑΝΩΝ
1090 2251 1199 2316 Kc,-
1228 2287 1243 2302 .

243 2343 408 2394 ι”Οτι
437 2342 498 2394 οὐ
527 2341 609 2394 δεῖ
635 2341 945 2411 ἐφορκίζειν
969 2341 1095 2404 τοὺς
1144 2341 1221 2410 μὴ
1269 2340 1645 2410 προαχθέντας
1701 2341 1810 2394 ὑπὸ

315 2451 336 2484 ι
385 2433 721 2499 ἐπισκόπων,
763 2433 899 2502 μήτε
934 2432 992 2484 ἐν
1040 2434 1156 2495 ταῖς
1177 2431 1519 2503 ἐκκλησίαις,
1561 2434 1695 2504 μήτε
1751 2435 1809 2486 ἐν

321 2545 340 2576 ι
384 2527 506 2587 ταῖς
537 2524 753 2587 οἰκίαις.
769 2546 788 2578 ι
1040 2514 1045 2521 ’

314 2618 515 2673 ΒᾹΛΣ.
579 2619 736 2681 Τινὲς
786 2619 1101 2688 ἐπεχείρουν
1150 2615 1484 2686 ἐφορκίζειν,
1555 2616 1812 2670 τουτέστι

242 2713 509 2780 κατηχεῖν
535 2710 813 2774 ἀπίστους,
853 2711 928 2780 μὴ
953 2709 1207 2771 λαϐόντες
1231 2707 1388 2761 τοῦτο
1423 2708 1489 2760 δι’
1524 2709 1815 2760 ἐπισκοπι-

246 2806 356 2874 κῆς
387 2802 729 2873 χειροθεσίας
761 2821 774 2836 ⁸
838 2806 934 2857 κα).
982 2803 1321 2872 αἰτιώμενοι,
1373 2801 1694 2856 διετείνοντο
1741 2799 1816 2870 μὴ

247 2895 477 2975 ποιῆσαι
499 2895 658 2948 τοῦτο
689 2897 768 2957 είς
799 2896 1116 2964 ἐκκλησίαν,
1150 2894 1286 2947 ἀλλὰ
1313 2895 1394 2956 είς
1437 2893 1614 2946 οἰκίαν
1660 2887 1839 2945 τινάο.

250 2988 543 3040 κάντεῦθεν
566 2989 758 3059 ἤθελον
778 2988 1150 3058 διατηρεῖσθαι
1179 2988 1483 3041 ἀνεύθυνοι.
1517 2975 1682 3038 Φασὶῦ
1703 2979 1797 3036 οὖν

251 3079 303 3128 οἱ
335 3077 576 3146 Πατέρες
599 3077 679 3128 ὅτι
707 3077 801 3128 καὶ
829 3077 889 3129 τὸ
908 3075 1220 3146 ἐφορκίζειν
1249 3073 1684 3145 ἐκκλησιαστικὴ
1699 3074 1816 3126 δια-

1971 1941 2415 2036 Presliyterorum
2447 1971 2538 2014 aut
2561 1961 2914 2012 diaconorum
2948 1967 3085 2022 opus
3118 1947 3353 2004 ministri
3385 1961 3472 2002 ec-

1905 2061 2084 2113 clesiaa
2136 2059 2393 2128 perlicere
2443 2069 2546 2108 non
2604 2050 3003 2119 permittuntur.
3039 2044 3310 2110 Quocirca
3365 2054 3466 2095 nec

1887 2167 2102 2224 .panem
2130 2151 2216 2204 vel
2248 2149 2472 2205 calicem
2505 2145 2702 2216 populo
2745 2142 2968 2194 tradunt.

2463 2232 2689 2290 CANON
2719 2230 2912 2286 XXVI.

1913 2353 1934 2388 ι
1975 2333 2125 2401 Quod
2157 2346 2251 2387 eos
2278 2329 2588 2385 exorcizare
2623 2340 2725 2380 non
2758 2303 2990 2392 oportet,
3022 2319 3109 2388 qui
3150 2315 3218 2370 ah
3249 2314 3461 2382 episco-

1988 2446 2006 2479 ι
2045 2425 2124 2492 pis
2152 2422 2379 2492 promoti
2411 2435 2514 2474 non
2542 2426 2690 2482 sunt,
2719 2429 2892 2472 neque
2918 2414 2969 2466 in
2989 2409 3256 2474 ecclesiis,
3291 2421 3471 2462 neuue

1987 2536 2006 2568 ι
2043 2517 2094 2570 in
2128 2515 2353 2569 aedibus.
2399 2531 2417 2564 ι

1981 2607 2176 2662 BALS.
2211 2605 2434 2670 Quidam
2492 2598 2939 2669 aggrediehantnr
2983 2592 3316 2650 exorcizare,
3375 2588 3482 2640 hoc

1911 2691 2016 2757 est.
2044 2689 2682 2751 catecliizareinlideles,
2713 2686 2802 2756 qui
2840 2687 2941 2738 hoc
2993 2698 3087 2749 per
3117 2677 3476 2748 episcopalem

1917 2803 2170 2845 manuum
2218 2783 2614 2860 impositionem
2669 2794 2769 2831 non
2814 2780 3141 2845 acceperant
3193 2785 3210 2824 :
3257 2779 3311 2823 et
3357 2781 3482 2822 cum

1916 2885 2321 2937 accusarentur,
2353 2870 2750 2928 contendebant
2780 2883 2838 2920 se
2870 2866 2972 2919 hoc
3002 2865 3054 2918 in
3085 2861 3312 2916 ecclesia
3375 2871 3484 2912 non

1919 2969 2131 3032 fecisse,
2164 2967 2255 3020 sed
2283 2966 2333 3019 in
2365 2963 2594 3032 quadam
2623 2960 2803 3024 domo;
2835 2967 2888 3011 et
2914 2956 3036 3008 ideo
3064 2969 3123 3008 se
3147 2952 3276 3006 nulli
3311 2963 3482 3018 pmtm

1898 3049 2182 3115 obnoxios
2255 3053 2564 3110 conservari
2631 3065 2842 3119 aequum
2906 3044 3222 3100 censebant.
3287 3039 3483 3094 Dicunt

253 3167 412 3220 κονία
438 3131 576 3232 ἐστὶ,
604 3167 699 3220 κοιλ¹
729 3167 786 3219 οὐ
809 3168 915 3238 χρή
942 3131 1064 3221 τινα
1098 3131 1304 3224 τούτων
1341 3131 1816 3237 μεταχειρίζεσθαι

1925 3167 2046 3214 ergo
2077 3149 2285 3211 Patres,
2311 3146 2448 3212 quod
2478 3144 2640 3196 etiam
2671 3141 2921 3210 adjnrarc
2946 3145 3027 3190 est
3053 3131 3481 3190 ecclesiasticum

254 3259 611 3329 ὁπουδήποτε,
641 3259 689 3311 εί
716 3259 788 3327 μὴ
816 3259 966 3329 παρὰ
994 3259 1292 3311 ἐπισκόπου
1341 3255 1640 3327 προσληθῇ.
1692 3255 1823 3307 ’Υπ-

256 3349 411 3416 έξελέ
437 3368 527 3420 μοι
575 3351 666 3403 τὸν
714 3350 862 3420 παρὰ
895 3350 1314 3420 χωρεπισκόπου
1372 3346 1824 3419 προχειρισθέντα

253 3443 606 3514 ἐφορκιστήν.
639 3445 747 3496 Καὶ
788 3438 943 3504 οὗτος
981 3443 1090 3514 γὰρ
1136 3443 1314 3505 καλῶς
1359 3442 1686 3511 κατηχήσει,
1716 3439 1823 3492 κᾶν

258 3534 338 3604 μὴ
365 3535 719 3606 προχειρισθῇ
749 3535 899 3606 παρᾶ
928 3535 1254 3588 ἐπισκόπου.
1288 3533 1530 3603 Ἐμαθες
1585 3533 1694 3602 γὰρ
1718 3529 1826 3583 ἀπὸ

252 3625 356 3677 τοῦ
397 3631 427 3678 ι’
457 3626 682 3688 κανόνος
712 3629 812 3694 τῆς
857 3629 916 3678 ἐν
954 3625 1258 3694 Ἀντιοχείᾳ
1294 3625 1513 3678 συνόδου
1563 3623 1826 3676 δύνασθαι

252 3715 352 3770 τὸν
382 3715 800 3786 χωρεπίσκοπον
828 3717 1002 3768 ποιεῖν
1032 3715 1128 3768 καὶ
1153 3715 1501 3784 ἐφορκιστήν.

327 3897 576 3951 ΖΩΝΑΡ.
608 3899 719 3950 Καὶ
769 3896 875 3966 μὴν
924 3895 1064 3961 μετά
1112 3891 1220 3948 τῶν
1259 3894 1436 3948 ἄλλων
1476 3894 1571 3948 καὶ
1611 3895 1831 3964 ἐφορκι-

260 3991 397 4055 στὰς
424 3993 598 4044 ποιεῖν
621 3991 826 4044 δέδοται
854 3993 962 4052 τοῖς
985 3988 1422 4060 χωρεπισκόποις
1481 3975 1630 4040 κατᾶ
1678 3985 1769 4037 τὸν
1799 3983 1829 4036 ι’

256 4084 466 4137 κανόνα
491 4085 589 4151 τῆς
615 4083 672 4135 ἐν
707 4081 1002 4152 Ἀντιοχείᾳ
1020 4080 1256 4132 συνόδου.
1287 4077 1406 4140 Πῶς
1434 4074 1527 4132 οὖν
1581 4075 1821 4129 ἐνταῦθα

256 4172 413 4243 λέγει
453 4172 528 4243 μὴ
570 4172 880 4242 ἐφορκίζειν
905 4172 1030 4235 τοὺς
1065 4171 1137 4241 μὴ
1171 4170 1276 4223 ὑπὸ
1323 4169 1639 4222 ἐπισκόπων
1690 4185 1828 4236 προ-

257 4266 567 4336 αχθέντας;
598 4265 765 4317 Φασὶν
793 4263 886 4316 οὖν
914 4262 993 4315 ὅτι
1027 4262 1121 4315 καὶ
1155 4259 1635 4331 οίχωρεπίσκοποι
1669 4257 1824 4322 τάξιν

259 4359 584 4412 ἐπισκόπων
617 4357 801 4428 ἔχουσι
838 4372 853 4387 ο
878 4355 958 4409 διὸ
987 4356 1083 4408 καὶ
1116 4351 1175 4407 ιδ’
1211 4353 1392 4407 κανὼν
1439 4351 1540 4422 τῆς
1585 4353 1641 4405 ἐν
1697 4349 1833 4403 Neo-

259 4448 564 4518 καισαρείᾳ
589 4448 807 4501 συνόδου
836 4446 947 4500 τῶν
975 4443 1288 4498 ἀποστόλων
1313 4441 1482 4496 τύπον
1512 4441 1661 4510 λέγει
1694 4440 1832 4509 πλη-

1921 3240 2301 3302 ministerium,
2336 3251 2433 3291 nec
2473 3242 2686 3302 oportet
2714 3230 3021 3299 quempiam
3073 3228 3176 3281 hoc
3222 3223 3439 3295 aggredi
3469 3261 3486 3288 ,

1923 3334 2026 3388 nisi
2061 3332 2127 3386 ab
2149 3331 2396 3399 episcopo
2415 3333 2691 3396 promotus
2718 3322 2905 3376 fuerit.
2935 3319 3136 3385 Excipe
3172 3315 3300 3369 mihi
3329 3327 3494 3381 exor-

1922 3427 2134 3486 cistam,
2171 3422 2262 3492 qui
2298 3436 2330 3476 a
2359 3417 2746 3486 chorepiscopo
2797 3418 3074 3482 promotus
3125 3407 3302 3461 fuerit.
3349 3403 3496 3456 Nam

1923 3518 1970 3572 is
2004 3529 2217 3585 quoque
2243 3513 2465 3582 pulchre
2495 3505 2853 3564 catechizabit
2877 3544 2890 3568 ,
2930 3499 3142 3556 etiamsi
3175 3514 3278 3552 non
3325 3495 3499 3550 fuerit-

1923 3608 1990 3660 ah
2019 3606 2267 3674 episcopo
2297 3610 2600 3670 promotus.
2630 3600 2674 3650 A
2705 3595 2917 3650 decimo
2947 3593 3092 3652 enim
3127 3601 3340 3643 canone
3368 3586 3492 3638 An-v

1926 3697 2185 3752 tiochenaa
2216 3691 2405 3763 synodi
2449 3687 2683 3744 didicisti
2729 3698 2889 3754 posse
2930 3682 3093 3736 etiam
3142 3676 3500 3746 chorepisco—~

1925 3804 2050 3858 pum
2085 3787 2264 3840 facere
2291 3783 2638 3836 exorcistam.
3075 3818 3080 3824 .

1995 3876 2248 3934 ZONAR.
2287 3873 2546 3942 Equidem
2583 3881 2705 3926 cum
2759 3866 2879 3922 aliis
2922 3861 3219 3920 exorcistas
3275 3871 3502 3926 quoque

1927 3987 2115 4028 creare
2148 3967 2499 4022 Antiouhenzn
2527 3961 2713 4033 synodi
2747 3971 2954 4012 canone
2991 3953 3056 4007 10
3083 3949 3503 4020 ριιοτερίεεορίει

1928 4060 2250 4132 permissum
2300 4065 2403 4110 est.
2440 4053 2596 4120 Quid
2624 4051 2695 4105 ita
2741 4051 2924 4119 igitur,
2959 4045 3049 4114 qui
3107 4043 3175 4096 ab
3221 4037 3505 4110 episcopis

1929 4152 2099 4208 creati
2145 4137 2250 4205 non
2301 4157 2447 4211 sunt,
2485 4149 2552 4200 ab
2577 4138 2921 4198 exorcizandi
2967 4149 3190 4192 munere
3224 4130 3508 4185 abstinuere-

1932 4246 2021 4301 hic
2053 4259 2223 4300 canon
2257 4239 2444 4308 lubet?
2490 4234 2830 4306 Respondent
2856 4246 3007 4300 ergo,
3035 4227 3087 4280 in
3119 4225 3503 4294 episcoporum

1932 4352 2156 4392 numero
2178 4334 2592 4402 chorepiscopos
2616 4340 2832 4397 quoque
2862 4325 3070 4378 censeri
3097 4337 3111 4376 :
3145 4333 3209 4371 ex
3237 4329 3340 4382 quo
3360 4310 3500 4364 Neo-

1935 4431 2242 4488 cmsarianae
2301 4425 2490 4497 synodi
2527 4437 2697 4477 canon
2731 4420 2822 4480 id,
2853 4415 3187 4484 septuaginta
3234 4406 3501 4475 apostolo—

262 4539 422 4605 ροῦν,
443 4497 551 4592 rami:
571 4541 600 4593 ό
628 4538 676 4609 η’
705 4540 805 4607 τῆς
839 4540 896 4592 ἐν
929 4536 1239 4615 ,Ἀντιοχείᾳ
1274 4535 1490 4589 συνόδου
1513 4497 1693 4588 κανὼν
1738 4497 1821 4587 καλ

1937 4540 2054 4580 rum
2088 4534 2268 4594 typum
2299 4535 2394 4573 eos
2421 4517 2494 4570 ait
2523 4514 2747 4575 referre;
2787 4522 2840 4564 et
2864 4507 3118 4578 pacilicas
3141 4515 3352 4572 quoque
3381 4497 3496 4568 epi-

261 4631 551 4702 εἱρηνικὰς
573 4631 858 4694 ἐπιστολὰς
881 4629 1078 4684 διδόναι
1102 4629 1320 4699 ἐφίησιν
1337 4627 1540 4690 αὐτοῖς,
1571 4628 1708 4696 ὅπερ
1730 4626 1836 4680 τῶν

265 4721 586 4778 ἐπισκόπων
620 4723 786 4776 ἐστίν.
1696 4722 1703 4731 ’

263 4811 496 4867 ΑΡΙΣΤ.
529 4831 548 4864 ι
594 4813 708 4864 Οὐκ
738 4809 1012 4881 ἐφορκίζει
1037 4809 1066 4862 ό
1096 4811 1169 4877 μὴ
1197 4805 1328 4878 παρ’
1359 4802 1660 4858 ἐπισκόπου
1694 4820 1834 4873 προ-

843 4920 862 4952 (
906 4901 1192 4970 αγόμενος.
1239 4917 1257 4950 ι

345 4995 463 5048 Καὶ
502 4997 551 5047 οἰ
585 4994 932 5060 ἐφορκισταὶ,
960 4991 1141 5052 καθὼς
1166 4993 1261 5044 καὶ
1290 4991 1338 5042 oi
1356 4987 1540 5042 λοιποὶ
1577 4987 1674 5039 τοῦ
1707 4986 1841 5054 τάγ-

272 5085 470 5148 ματος,
502 5085 651 5153 παρὰ
681 5083 773 5135 τοῦ
807 5081 1103 5135 ἐπισκόπου
1141 5082 1392 5149 δέχονται
1420 5078 1523 5148 τὴν
1554 5076 1838 5146 προχείρι-

273 5189 383 5229 σιν.
435 5178 497 5229 '0
527 5175 657 5244 γοῦν
683 5175 756 5245 μὴ
787 5174 1076 5244 προαχθεὶς
1108 5175 1189 5235 εἰς
1231 5172 1323 5224 τὸν
1351 5170 1588 5224 τοιοῦτον
1634 5167 1840 5237 βαθμὸν

272 5268 433 5335 παρὰ
466 5269 760 5321 ἐπισκόπου
795 5264 1100 5337 ἐφορκίζειν
1153 5265 1214 5318 οὐ
1265 5263 1516 5327 δύναται,
1549 5259 1674 5313 οὔτε
1721 5260 1840 5337 κατ’

271 5355 486 5426 οἴκους,
517 5359 637 5413 οὔτε
661 5362 718 5413 ἐν
735 5362 799 5430 τῇ
822 5358 1105 5428 ἐκκλησίᾳ.
1777 5327 1791 5341 .

869 5451 1108 5505 ΚΑΝΩΝ
1141 5451 1264 5503 ΚΖ’.

281 5552 306 5587 σ
331 5539 463 5596 ’Ὁτι
495 5544 555 5596 οὐ
575 5543 656 5596 δεῖ
679 5543 983 5612 ίερατικοὺς
1008 5543 1039 5613 ἢ
1072 5542 1367 5613 κληρικοὺς
1393 5540 1426 5610 ἢ
1449 5539 1705 5600 ⁸).αἲκόὺς,
1739 5553 1844 5589 κει⁶

355 5649 376 5683 α
403 5636 520 5708 ,λου
532 5637 724 5707 μένους
750 5637 830 5698 είς
857 5636 1098 5702 ἀγάπην,
1133 5639 1272 5703 μέρη
1307 5633 1503 5702 αἴρειν,
1528 5631 1614 5684 διὰ
1656 5629 1717 5681 τὸ
1746 5633 1844 5697 τὴν

353 5741 375 5773 ι
422 5725 670 5797 ὓϐριντῇ
707 5727 858 5790 τάξει
905 5725 1330 5796 προστρίϐεσθαι
1376 5726 1442 5792 τῇ
1502 5723 1777 5792 ίερατικῇ.
1820 5738 1840 5772 ι

349 5813 555 5875 ΒΛΛΣ.
611 5818 844 5884 ’Δγάπαι
873 5817 1162 5882 καλοῦνται
1191 5815 1258 5870 τᾶι-
1280 5813 1429 5882 παρὰ
1485 5811 1846 5882 φιλοχρίστων

1938 4619 2101 4676 stolas
2130 4616 2278 4678 dare,
2305 4612 2450 4681 quod
2474 4609 2850 4679 episcoporum
2879 4601 3150 4671 proprium
3182 4602 3281 4656 est,
3305 4603 3510 4648 oetavo»

1937 4709 2284 4764 Antiochense
2308 4703 2494 4774 synodi
2523 4715 2727 4754 canone
2756 4695 3162 4766 permittuntur.

1939 4797 2167 4858 ARIST.
2213 4815 2233 4850 ι
2271 4794 2387 4850 Non
2417 4795 2693 4848 exorcizat
2715 4828 2730 4855 ,
2763 4787 2864 4841 nisi
2895 4784 2962 4838 ab
2991 4780 3247 4850 episcopo
3285 4786 3505 4845 promo-

2609 4900 2628 4933 ι
2670 4891 2774 4934 tus.
2812 4897 2832 4928 ι

2011 4984 2079 5039 Et
2123 4979 2402 5036 exorcistaa
2447 4971 2900 5045 quemadmodum
2967 4981 3030 5020 ac
3096 4963 3185 5017 alii
3218 4975 3282 5015 ex
3315 4955 3510 5012 ordine:

1942 5073 2258 5132 sacerdotali
2290 5071 2357 5124 ah
2395 5069 2648 5138 episeOpo
2691 5063 3016 5138 deliguntur.
3059 5053 3160 5120 Qui
3209 5051 3388 5117 itaque
3435 5045 3504 5097 ad

1946 5170 2104 5224 talem
2135 5165 2358 5234 gradum
2407 5177 2501 5230 per
2533 5161 2844 5228 episcOpum
2892 5167 2996 5207 non
3046 5153 3417 5220 promovetur,
3449 5145 3502 5190 et

1944 5258 2275 5316 exorcistam
2308 5267 2467 5323 agere
2496 5268 2604 5307 nou
2629 5257 2828 5321 potest,
2872 5259 2973 5300 nec
3014 5238 3286 5314 privatim,
3319 5245 3418 5287 nec
3446 5229 3513 5288 in:

1945 5348 2192 5405 ecclesia.

2361 5432 2521 5507 465
2576 5425 2804 5484 CANON
2853 5421 3067 5478 xxvu.

1952 5553 1970 5584 ι
2004 5531 2152 5596 Quod
2180 5543 2284 5582 non
2319 5501 2528 5595 oportet
2557 5530 2831 5583 sacratos,
2873 5515 2955 5569 vel
2986 5510 3235 5573 clericos,
3277 5505 3360 5561 vel
3400 5501 3502 5558 lai-

2027 5593 2046 5673 ῖ
2087 5635 2204 5679 cos.
2233 5617 2296 5670 ad
2322 5593 2520 5684 agapas
2547 5619 2792 5667 vocatos.
2823 5615 3001 5675 partes
3031 5602 3242 5664 tollere,
3266 5613 3330 5652 eo
3357 5593 3500 5665 quod

2027 5731 2044 5765 ι
2089 5711 2378 5779 ignominia
2421 5707 2666 5760 inuratur
2693 5699 2870 5756 oruini
2901 5691 3240 5752 sacerdotali.
3283 5708 3302 5742 ι

2020 5773 2210 5859 BALS.
2244 5802 2436 5869 Agapae
2484 5797 2729 5854 dicuntur
2772 5806 2890 5858 quae
2937 5788 3071 5844 ﬁunt
3117 5799 3147 5841 a
3189 5773 3518 5838 Christianis
