4052 6430
507 400 668 468 1375-

1761 408 2040 470 THEOD.
2080 372 2482 472 BALSAMON

3618 405 3772 472 1376

507 513 779 576 convivia,
813 527 904 568 seu
960 521 1164 569 sanctae
1207 514 1782 571 commemorationes.
1807 514 2078 581 Quoniam

2203 519 2442 588 γινόμενα
2507 516 2804 588 συμπόσια,
2843 517 3012 588 ἤγουν
3071 515 3138 571 τά
3190 516 3548 588 ἀγιομνήσια.
3606 512 3776 570 Ἐπεὶ

479 621 638 675 ergo
671 622 734 659 ex
769 607 859 668 iis,
888 621 1008 671 quae
1049 617 1204 659 erant
1244 605 1298 661 in
1342 608 1590 662 convivio
1623 608 1910 676 apposita,
1945 608 2068 675 qui-

510 703 630 752 dam
661 701 1040 752 accumbentes
1068 710 1249 767 partes
1281 701 1642 767 accipiebant,
1678 711 1732 754 et
1773 715 1865 768 per
1913 701 2072 755 quu-

508 794 644 843 riam
673 793 886 842 donnnn
917 791 1266 853 auferebam,
1295 802 1349 843 et
1377 807 1440 845 ex
1475 807 1541 845 eo
1572 807 1782 855 eorum,
1819 792 1907 861 qui
1945 808 2074 846 con-

513 887 788 942 venerant;
843 884 1220 935 condemnatio
1257 881 1492 948 profecta
1529 893 1654 948 est,
1707 899 1847 950 saepe
1893 895 2071 939 autem
2093 910 2110 924 ~—

511 976 672 1024 ιιιίιιιιι
709 975 850 1028 inter
893 989 984 1028 eos
1028 976 1300 1028 conumtio
1335 977 1560 1028 excitata
1599 985 1680 1029 est
1711 993 1725 1028 :
1758 975 1942 1030 Patres
1975 976 2075 1028 dc-

515 1066 766 1120 ﬁnierunt
792 1081 858 1120 ne
893 1067 995 1121 hoc
1025 1068 1253 1136 amplius
1276 1069 1368 1120 tiat
1393 1068 1455 1120 ad
1489 1069 1841 1122 sacerdotalis
1866 1068 2078 1125 ordinis

511 1157 914 1212 contumeliam.

583 1247 834 1304 ZONAR.
864 1251 942 1304 Ad
967 1253 1234 1316 convivia,
1264 1269 1380 1319 qua:
1412 1255 1511 1307 sub
1532 1271 1826 1323 agaparum
1859 1258 2075 1310 nomine

511 1341 955 1406 instituebantur,
988 1359 1252 1412 pauperes
1284 1355 1394 1398 tum
1431 1365 1492 1400 ex
1533 1363 1687 1401 sacro
1721 1350 1930 1411 ordine,
1963 1361 2073 1401 tum

511 1448 575 1484 ex
623 1432 772 1488 Inicis
814 1451 1049 1505 quoqtte,
1098 1438 1344 1491 advocari
1397 1439 1537 1493 soliti
1593 1433 1736 1495 sunt.
1789 1439 1866 1493 Ne
1919 1440 2080 1509 igitur

512 1540 670 1578 sacro
697 1527 889 1580 ordine
923 1528 1172 1590 initiatis,
1199 1530 1451 1598 cleruque
1480 1533 1749 1599 ascriptis,
1797 1533 1904 1584 imo
1949 1546 2078 1584 vero

515 1625 618 1664 nec
649 1612 798 1667 laicis
829 1625 1007 1680 partes
1043 1617 1246 1677 tollere,
1275 1620 1374 1672 hoc
1399 1631 1503 1680 est.
1527 1636 1600 1674 ex
1625 1622 1883 1688 appositis
1907 1620 2078 1685 epulis

517 1704 806 1769 particulas
863 1707 1096 1772 auferre,
1155 1709 1524 1780 domumque,
1577 1729 1682 1766 non
1735 1715 1852 1766 sine
1899 1711 2076 1780 aliqua

514 1797 865 1851 ecclesiastici
919 1801 1122 1854 ordinis
1164 1803 1490 1870 ignominia,
1537 1816 1818 1874 asportare
1872 1807 2030 1859 liceat
2059 1842 2074 1868 ,

515 1902 688 1940 canon
721 1891 984 1946 decernit.
1015 1891 1108 1945 Est
1158 1893 1209 1946 id
1262 1910 1494 1964 namque
1525 1896 1759 1950 hominis
1811 1896 2082 1951 abdomini
2117 1871 2158 1927 Β

515 1983 682 2037 dediti
723 1995 884 2054 atque
913 1987 1144 2056 improbi
1180 1999 1579 2057 argumentum.
1612 1989 1885 2056 Ejusmodi
1923 2006 2085 2058 porro

515 2089 637 2127 esse
673 2075 875 2138 ﬁdeles,
907 2088 1148 2132 sacratos
1180 2080 1500 2152 praesertim,
1538 2083 1678 2136 ltaud
1711 2083 1882 2137 decet;

515 2165 744 2221 ARIST.
788 2186 806 2217 ι
845 2167 1088 2224 Clericus
1139 2172 1204 2226 ad
1240 2188 1441 2241 agapas
1487 2184 1729 2236 vocatus,
1769 2184 1949 2242 partes
1983 2189 2105 2230 non-

595 2275 615 2307 ‹
654 2258 846 2312 aufert.
885 2260 1141 2315 Ordinem
1167 2264 1308 2316 enim
1339 2266 1660 2320 contumelia
1692 2265 1874 2322 allicit.
1915 2287 1934 2320 ›

587 2346 699 2403 Nec
730 2350 918 2406 clerici»
957 2369 1055 2407 nec
1109 2355 1232 2409 laici
1277 2361 1342 2409 ad
1397 2372 1595 2426 agapas
1652 2360 1852 2422 vocati,
1908 2371 2099 2429 partes-

519 2440 714 2496 tollere
745 2443 939 2497 debent
972 2485 986 2507 ,
1021 2445 1149 2498 illud
1197 2449 1339 2500 enim
1381 2450 1626 2504 ordinem
1660 2451 2088 2507 ecclesiasﬁcum

515 2533 714 2602 injuria
747 2535 931 2598 allicit,
968 2539 1061 2592 sed
1100 2549 1303 2593 tantum
1331 2541 1495 2596 edere
1525 2552 1577 2595 et
1612 2543 1892 2598 recedere.

1044 2722 1273 2778 CANON
1313 2723 1556 2779 XXVIII.

521 2827 558 2865 τ
587 2810 739 2878 Quod
771 2829 878 2867 non
919 2824 1131 2883 oportet
1176 2815 1230 2870 in
1270 2817 1584 2884 Dominicis,
1614 2818 1696 2872 vel
1751 2819 1806 2873 i‘u
1843 2820 2100 2876 ecclesiis

595 2921 615 2954 ι
656 2917 874 2973 agapas,
908 2915 963 2957 ut
994 2915 1210 2968 vocant,
1254 2907 1450 2969 facere,
1497 2909 1634 2963 etin
1671 2911 1830 2966 domo
1867 2910 1959 2967 Dei
1991 2927 2086 2968 co-

593 3013 612 3046 ι
656 2995 895 3061 medere,
933 3007 987 3052 et
1019 2999 1299 3053 accubitus
1331 3008 1606 3055 sternere.
1648 3021 1667 3053 ι

2179 606 2274 663 οὖν
2297 627 2440 672 τινες
2478 610 2586 663 τῶν
2605 609 2982 676 ἀνακειμένων
3031 607 3216 670 αὐτοῖς
3276 605 3602 676 συμποσίοις
3669 624 3778 675 με-

2184 701 2332 772 ρίδας
2377 700 2682 770 ἐλάμϐανον
2711 702 2776 752 ὲκ
2805 697 2914 751 τῶν
2933 697 3390 767 παρατιθεμένων
3423 697 3774 768 βρωμάτων,

2183 791 2275 845 καὶ
2330 792 2470 845 κατὰ
2542 789 2830 860 λυξουρίαν
2883 791 3024 843 οἴκοι
3088 790 3402 859 ἀπήγαγον,
3460 789 3776 843 κάντεῦθεν

2181 881 2524 948 κατάγνωσις
2557 880 2668 932 τῶν
2697 878 3062 932 συνελθόντων
3089 880 3318 944 ἐγίνετο,
3377 877 3648 941 πολλάκις
3712 877 3774 930 δὲ

2180 973 2275 1026 καὶ
2301 971 2605 1040 φιλονεικία
2624 971 2687 1022 ὲκ
2719 968 2912 1021 τούτου
2951 969 3114 1037 μέσον
3143 969 3324 1022 αὐτῶν
3386 970 3726 1040 ἀνηγείρετο
3759 986 3775 1000 δ

2182 1062 2390 1131 ὥρισαν
2415 1062 2739 1132 οἱΠατὲρες
2773 1061 2970 1130 μηκέτι
3005 1059 3166 1113 τοῦτο
3200 1061 3447 1128 γίνεσθαι
3476 1063 3560 1133 ἐφ’
3605 1062 3778 1133 ὕϐρει

2180 1156 2281 1224 τῆς
2325 1155 2608 1226 ἱερατικῆς
2640 1155 2872 1220 τάξεως.

2254 1249 2496 1303 ΖΩΝΑΡ.
2540 1248 2630 1302 Ἐν
2655 1253 2776 1313 ταῖς
2811 1252 3126 1321 γινομέναις
3153 1252 3418 1319 ἀγάπαις,
3467 1248 3584 1307 τοῖς
3619 1263 3692 1298 συ
3706 1264 3782 1314 μ-

2193 1341 2404 1403 ποσίοις
2451 1341 2712 1410 δηλονότι,
2741 1342 3030 1396 ἐκαλοῦντο
3089 1344 3187 1412 μὲν
3243 1343 3291 1394 οἱ
3348 1341 3780 1406 πένητες,ὲκα-

2183 1419 2372 1489 λοῦντο
2416 1435 2473 1489 δὲ
2518 1434 2610 1487 καὶ
2636 1435 2922 1504 ἱερωμένοι
2959 1437 3052 1487 καὶ
3095 1433 3294 1487 λαῖκοί.
3341 1433 3479 1494 Τοὺς
3540 1430 3638 1484 οὖν
3703 1432 3786 1482 ἱε-

2187 1527 2468 1597 ρωμένους
2502 1529 2596 1580 καὶ
2621 1527 2936 1597 κληρικοὺς,
2996 1526 3129 1581 ἀλλὰ
3168 1528 3350 1596 μέντοι
3383 1524 3477 1577 καὶ
3513 1523 3780 1587 λαῖκοὺς,

2183 1617 2332 1685 λέγει
2353 1619 2382 1672 ὁ
2408 1617 2586 1671 κανὼν
2619 1620 2693 1688 μὴ
2726 1620 2834 1672 δεῖν
2865 1619 3026 1689 μέρη
3060 1618 3260 1686 αἴρειν,
3314 1617 3482 1686 ἤγουν
3533 1615 3782 1686 μερίδας

2183 1711 2292 1764 τῶν
2323 1711 2770 1780 παρατιθεμένων
2803 1711 3132 1782 βρωμάτων,
3170 1711 3264 1762 καὶ
3286 1708 3470 1761 οἴκαδε
3502 1709 3780 1775 ἀπάγειν,

2187 1805 2266 1866 είς
2291 1801 2448 1870 ὓϐριν
2475 1802 2534 1856 ὃν
2563 1802 2720 1857 τοῦτο
2735 1805 2830 1873 τῆς
2857 1801 3318 1872 ἑκκλησιαστικῆς
3350 1802 3783 1865 καταστάσεως,

2187 1893 2425 1964 λιχνείαν
2449 1895 2791 1965 κατηγοροῦν
2810 1895 2905 1949 καὶ
2939 1893 3244 1966 μοχθηρίαν
3293 1894 3401 1946 τῶν
3458 1892 3778 1946 ποιούντων

2187 1984 2338 2037 αὐτό.
2403 1986 2636 2048 Πιστοὺς
2682 1986 2739 2038 δὲ
2771 1984 3047 2048 τοιούτους
3090 1980 3230 2038 εἶναι
3287 1983 3350 2036 οὒ
3392 1983 3534 2054 χρή’⁶
3583 1981 3782 2052 πολλῷ

2187 2077 2351 2130 πλέον
2381 2077 2506 2138 τοὺς
2536 2075 2868 2145 ἱερατικούς.

2187 2167 2410 2224 ΔΡΙΣΤ.
2451 2186 2470 2219 ι
2523 2167 2582 2222 '0
2615 2169 2836 2238 κληθεὶς
2859 2170 2940 2230 εἰς
2978 2161 3200 2234 ἀγάπην
3237 2166 3501 2236 κληρικδς
3541 2164 3788 2236 μερίδας

2271 2278 2290 2310 ι
2337 2259 2434 2311 οὐκ
2461 2258 2652 2327 ἄγεται
2686 2275 2701 2290 ⁸
2744 2257 2958 2327 ὑϐρίζει
2991 2258 3101 2327 γὰρ
3118 2257 3219 2328 τὴν
3245 2256 3419 2320 τάξιν.
3461 2275 3480 2308 ›

2264 2351 2402 2406 Οὔτε
2432 2351 2686 2421 κληρικοῖ
2705 2350 2829 2404 οὔτε
2879 2351 3058 2404 λαῖκοὶ
3082 2349 3372 2422 κληθέντες
3411 2351 3490 2412 εἰς
3546 2350 3801 2417 ἀγάπην⁴

2192 2445 2418 2515 μερίδας
2442 2444 2620 2514 αἴρειν
2663 2443 2938 2511 ὀφείλουσι
2962 2460 2976 2473 ·
3011 2441 3172 2495 τοῦτο
3201 2442 3312 2511 γὰρ
3333 2441 3432 2512 τὴν
3463 2442 3780 2510 ἐκκλησια-

2191 2535 2380 2606 στικην
2409 2535 2559 2602 τάξιν
2581 2535 2817 2606 ὑϐρίζει*
2843 2533 2979 2588 ἀλλὰ
3008 2534 3168 2603 μόνον
3191 2531 3392 2586 ἐσθίειν
3423 2533 3519 2585 καὶ
3548 2533 3781 2587 ὑπανα-

2197 2631 2395 2701 χωρεῖν

2767 2723 3007 2778 ΚΑΝΩΝ
3069 2721 3203 2777 κη’.

2199 2817 2386 2870 ο-Ὄτι
2419 2817 2701 2871 οὒδεῖὲν
2721 2819 2835 2881 τοῖς
2881 2816 3227 2887 κυριακοῖςῆ
3278 2817 3337 2869 ὲν
3392 2817 3516 2878 ταῖς
3568 2816 3790 2884 ὲκκληο

2269 2927 2288 2961 ι
2336 2909 2481 2974 σίαις
2510 2909 2611 2973 τὰς
2636 2909 2936 2980 λεγομένας
2962 2909 3184 2978 ἀγάπας
3210 2912 3405 2968 ποιεῖν.
3443 2911 3562 2963 καὶ.
3592 2911 3654 2962 ὲν
3701 2909 3792 2979 τῷ

2189 3064 2192 3067 _
2271 3001 2470 3070 ι-οῐκῳ
2525 3001 2621 3054 τοῦ
2663 3000 2798 3055 Θεοῦ
2859 3001 3063 3056 ἐσθίειν
3113 3001 3210 3056 καὶ
3269 3001 3536 3056 ἁκούϐιτα
3568 3019 3792 3073 στρων-

2270 3111 2290 3145 (
2337 3111 2506 3148 νυειν.
2553 3112 2591 3146 Ι

591 3176 786 3232 BALS.
812 3178 1231 3248 Lege'cauonem
1256 3184 1324 3237 74
1346 3194 1512 3239 sexta:
1535 3185 1723 3255 synodi
1753 3201 1871 3254 quze
1898 3187 2086 3240 eadem

2266 3185 2462 3237 ΒΑΛΣ.
2507 3183 2808 3252 Ἀνάγνωθι
2849 3184 2942 3238 τὸν
2986 3182 3223 3237 οδ⁹·καν.
3258 3183 3358 3253 τῆς
3407 3183 3464 3248 ς’
3527 3185 3789 3251 συνόδου,

517 3271 680 3324 verba
709 3272 968 3332 continet,
1000 3289 1120 3340 quae
1152 3290 1388 3338 przesens
1422 3291 1594 3330 canon
1633 3294 1647 3331 :
1687 3288 1742 3331 et
1789 3278 1881 3331 tibi
1938 3277 2081 3333 suill-

517 3363 687 3423 cient,
723 3377 841 3430 quae
876 3363 927 3416 iu
962 3363 1053 3416 illo
1083 3365 1282 3433 scripta
1315 3376 1460 3420 sunt.
1507 3367 1700 3432 Quaere
1731 3377 1785 3422 et
1825 3385 2087 3426 canouem

517 3451 587 3507 τε
627 3452 871 3520 ejusdem
905 3455 1122 3526 synodi,
1155 3468 1206 3512 et
1232 3458 1676 3529 Carthaginensis
1711 3452 1823 3517 ἀεί
2035 3445 2038 3447 Δ

563 3633 842 3690 'ZONAR.
890 3637 1045 3694 Hunc
1101 3654 1365 3696 canonem
1426 3645 1655 3698 totidem
1707 3647 1889 3702 verbis
1937 3660 2100 3704 sexta

521 3730 760 3798 synodus
792 3731 1032 3798 protulit,
1065 3744 1255 3803 estque
1289 3735 1342 3790 in
1378 3751 1440 3790 ea
1475 3743 1905 3809 septuagesimus
1927 3759 2096 3813 quar-

519 3826 642 3885 tus;
689 3821 926 3888 ejusdem
962 3824 1031 3880 ibi
1067 3841 1165 3880 nos
1197 3827 1622 3894 explicationem
1645 3834 1948 3890 attulimus.
1988 3834 2104 3890 Le—

519 3913 691 3981 genda
718 3925 847 3968 sunt
880 3899 1060 3984 itaque
1094 3933 1211 3986 quae
1240 3917 1310 3973 ibi
1345 3920 1570 3986 scripta.

521 4001 748 4059 ARIST.
787 4025 806 4057 ‹
843 4007 1143 4063 Accubitus
1187 4009 1240 4074 in
1291 4011 1539 4068 ecclesiis
1585 4029 1689 4067 non
1731 4025 2093 4081 sternuntur,

923 4119 941 4151 ‹
979 4118 1074 4156 nec
1107 4117 1290 4171 agapze
1321 4104 1685 4159 celebrantur.
1727 4127 1744 4159 ι

599 4189 715 4246 Νοη
773 4202 986 4258 Oportet
1038 4192 1260 4248 domum
1318 4195 1407 4252 Dei
1473 4199 1692 4252 domum
1752 4217 2092 4255 communem

523 4284 836 4337 existimare
875 4294 930 4338 et
970 4284 1026 4337 in
1064 4299 1124 4338 ea
1165 4287 1446 4342 accubitus
1476 4301 1742 4354 sternere,
1777 4305 1868 4345 aut
1896 4309 2095 4362 agapas

526 4371 697 4426 dictas
727 4374 904 4427 facere
932 4383 986 4426 et
1012 4374 1150 4428 intra
1185 4390 1399 4429 sacram
1427 4378 1643 4433 domum
1683 4385 1985 4438 comedere.

1075 4467 1304 4523 CANON
1351 4470 1546 4526 XXIX.

2193 3277 2378 3338 αὐτοῖς
2417 3277 2532 3338 τοῖς
2568 3278 2810 3346 ῥήμασιν
2839 3276 3035 3346 ἔχοντα
3057 3277 3131 3338 ὡς
3161 3277 3256 3329 καί
3276 3279 3304 3330 ὁ
3333 3274 3528 3346 παρὼν
3554 3278 3744 3330 κανῶν
3765 3294 3784 3307 ο

2193 3369 2288 3421 καὶ
2315 3369 2611 3439 ἀρκέσουσι
2634 3367 2704 3420 τὰ
2733 3371 2789 3421 ὲν
2822 3370 3015 3437 ἐκείνῳ
3038 3369 3346 3440 γραφέντα.
3371 3370 3536 3438 Ζήτει
3560 3369 3665 3421 καὶ⁸
3695 3371 3794 3423 τὸν

2193 3457 2281 3520 ος’
2309 3457 2511 3510 κανόνα
2555 3457 2656 3526 τῆς
2677 3459 2846 3528 αὐτῆς
2879 3459 3120 3525 συνόδου,
3157 3459 3248 3512 καὶ
3269 3457 3371 3527 τῆς
3427 3459 3487 3511 ἐν
3547 3459 3789 3529 Καρθαο

2191 3549 2328 3618 πένῃ
2359 3548 2432 3618 μβ
2453 3547 2488 3603 ὀ

2263 3642 2505 3698 ΖΩΝΑΡ.
2565 3645 2766 3699 Τοῦτον
2817 3643 2910 3698 τον
2963 3646 3163 3698 κανόνα
3211 3646 3394 3707 αὐτοῖς
3453 3645 3779 3714 ῥήμασινή

2194 3733 2327 3804 ἕκτη
2371 3733 2592 3800 σύνοδος
2620 3739 2678 3788 ὲν
2706 3738 2820 3799 τοῖς
2845 3737 2977 3806 παρ’
3003 3737 3178 3805 αὐτῆς
3225 3737 3498 3790 ὲκτεθεῖσι
3557 3740 3780 3790 κανόσιν

2195 3822 2347 3876 ἔθετο
2369 3825 2463 3889 οδ’,
2494 3824 2620 3878 ἔνθα
2650 3827 2746 3878 καὶ
2773 3824 3039 3898 ὲξηγήθη.
3081 3826 3161 3880 Τὰ
3186 3827 3314 3895 γοῦν
3341 3827 3458 3878 ἐκεῖ
3494 3827 3796 3897 εἰρημένα

2196 3916 2574 3982 ἀναγνωστέον
2609 3917 2689 3985 (61
2704 3925 2743 3983 ).

2194 4008 2418 4063 ΑΡΙΣΤ.
2449 4027 2467 4060 ι
2529 4011 2646 4062 Ἐπ’
2697 4011 2991 4080 ἐκκλησίας
3038 4010 3305 4065 ἀκούϐιτα
3342 4010 3404 4063 ού
3469 4009 3798 4078 στρώννυν-

2499 4120 2518 4152 ι
2559 4120 2673 4168 ται,
2695 4103 2790 4156 καὶ
2820 4104 3030 4172 ἁγάπαι
3056 4103 3116 4156 οὐ
3142 4103 3409 4170 γενονται.
3459 4122 3477 4153 ι

2267 4188 2344 4241 Οὐ
2361 4188 2444 4240 δεῖ
2467 4190 2556 4242 τὸν
2582 4186 2731 4244 οἶκον
2758 4193 2850 4243 τοῦ
2896 4191 3030 4244 Θεοῦ
3069 4189 3220 4245 οἷκον
3262 4192 3519 4262 ἡγεῖσθαι
3568 4193 3794 4254 κοινὸν,

2197 4282 2292 4331 καὶ
2325 4281 2383 4333 ὲν
2405 4282 2553 4352 αὐτῷ
2587 4283 2913 4351 στρωννύειν
2937 4284 3224 4349 ἀκούδιτα,
3261 4285 3292 4354 ἢ
3321 4286 3418 4347 τὰς
3471 4285 3792 4354 λεγομένας

2199 4374 2416 4440 ἁγάπας
2446 4377 2620 4426 ποιεῖν
2651 4375 2745 4428 καὶ
2775 4375 2920 4428 ἔνδον
2947 4375 3040 4427 τοῦ
3079 4375 3226 4446 ἱεροῦ
3251 4378 3401 4428 οἴκου
3433 4375 3662 4431 ἐσθίειν.

2775 4469 3016 4522 ΚΑΝΩΝ
3069 4468 3200 4521 K9".
3301 4490 3305 4494 ·

530 4572 551 4605 ι
589 4553 741 4617 Quod
783 4572 887 4610 non
944 4569 1154 4624 oportet
1213 4561 1550 4620 Christianos
1595 4565 1898 4633 judaizare,
1930 4579 1984 4622 et
2039 4569 2088 4622 in

2205 4581 2223 4614 ι
2272 4562 2395 4614 Ὅτι
2445 4563 2507 4616 οὐ
2551 4562 2632 4615 δεῖ
2673 4563 3036 4633 Χριστιανοὺς
3099 4562 3413 4626 ’ἰουδαΐζειν
3451 4562 3545 4615 καὶ
3593 4564 3654 4615 ὲν
3704 4562 3792 4631 τῷ

603 4664 621 4698 ι
663 4646 899 4702 Sabbnto
936 4651 1128 4718 otiari;
1160 4655 1253 4707 sed
1286 4670 1350 4710 eo
1379 4657 1464 4709 die
1495 4659 1706 4725 operari
1743 4701 1756 4721 ,
1826 4660 1968 4713 diem
2004 4678 2101 4714 au—

605 4757 625 4790 ι
662 4752 769 4792 tem
819 4741 1153 4798 Dominicum
1202 4747 1545 4812 prml’ereutes
1584 4750 1779 4813 otiari,
1841 4754 1884 4804 si
1934 4754 2090 4807 modo

599 4849 618 4882 ι
659 4833 886 4899 possint,
919 4845 974 4887 ut
1003 4835 1362 4893 Christianos.
1390 4838 1547 4905 Quod
1579 4841 1622 4894 si
1659 4841 1858 4896 inventi
1894 4844 2102 4899 fuerint

604 4940 625 4974 ι
660 4921 961 4993 judaizare,
993 4927 1103 4980 sint
1137 4929 1428 4982 anathema
1460 4946 1489 4982 a
1521 4931 1758 4986 Christo.
1800 4954 1818 4985 ι

599 5107 797 5162 BALS.
834 5091 974 5180 Lege
1028 5123 1288 5164 canonem
1338 5111 1413 5165 70'
1455 5121 1765 5169 sanctorum
1817 5121 2089 5185 apostolo—

528 5213 670 5261 rum,
703 5200 792 5268 qui
818 5217 920 5254 nou
955 5201 1211 5268 permittit
1244 5201 1486 5258 ﬁdelibus
1511 5203 1754 5270 jejunare
1782 5208 1861 5261 vel
1895 5207 2094 5260 festum

528 5289 804 5344 celebrare
835 5307 956 5344 cum
993 5289 1210 5345 Judaais.
1244 5293 1377 5358 Quia
1418 5306 1620 5358 autent.
1676 5298 1818 5352 sicut
1865 5301 2096 5353 diximus

530 5379 586 5434 in
614 5395 821 5435 canone
855 5381 921 5434 16
952 5385 1232 5450 praesentis
1264 5385 1476 5454 synodi,
1503 5388 1719 5457 quidam
1755 5390 1994 5444 Sabbato
2025 5392 2093 5447 ab

2279 4673 2298 4706 ι
2350 4655 2620 4725 Σαϐϐάτῳ
2653 4656 2960 4725 σχολάζειν,
3007 4655 3143 4708 ἀλλὰ
3195 4655 3526 4726 ἐργάζεσθαι
3575 4655 3792 4718 αὐτοὺς

2274 4764 2294 4797 ι
2341 4746 2402 4798 ἐν
2432 4748 2497 4816 τῇ
2560 4746 2702 4813 αὐτῇ
2747 4743 2972 4814 ἡμέραο
3023 4743 3123 4813 τὴν
3145 4743 3202 4795 δὲ
3254 4741 3539 4812 Κυριακὴν
3591 4757 3797 4808 προτι⁴

2282 4859 2306 4890 «η
2354 4839 2592 4909 μῶντας,
2616 4841 2731 4906 εἴγε
2762 4837 3036 4901 δύναιντο,
3072 4838 3377 4907 σχολάζειν,
3414 4837 3488 4896 ὡς
3548 4835 3595 4887 οἱ
3623 4835 3798 4903 ’Χρι-

2281 4951 2300 4983 ι
2349 4931 2578 4984 στιανοί.
2614 4931 2675 4982 Εί
2698 4929 2752 4982 δὲ
2803 4929 3076 4999 εὑρεθεῖεν
3140 4928 3480 4990 Ἰουδαῖσταὶ,
3537 4927 3792 4978 εστωσαν

2287 5042 2304 5074 ι
2348 5023 2593 5093 ἀνάθεμα
2626 5022 2775 5092 παρὰ
2809 5020 3047 5092 Χριστῷ.
3091 5040 3109 5073 ι

2275 5117 2472 5172 ΒᾹΛΣ.
2510 5114 2808 5182 Ἀίνάγνωθι
2839 5114 2931 5167 τὸν
2957 5112 2996 5167 o'
3026 5114 3224 5167 κανόνα
3256 5114 3366 5168 τῶν
3421 5114 3591 5180 ἁγίων
3646 5117 3802 5169 ἀπο-ν

2212 5210 2437 5272 στόλων,
2480 5210 2554 5278 μὴ
2587 5209 3022 5279 παραχωροῦντα
3067 5211 3177 5270 τοῖς
3223 5211 3434 5271 πιστοῖς
3496 5208 3789 5277 νηστεύειν

2203 5303 2244 5373 ἢ
2265 5304 2544 5374 ἑορτάζειν
2585 5303 2723 5372 μετὰ
2764 5301 3052 5356 Ἰουδαίων.
3113 5301 3268 5356 Ἐπεὶ⁸
3287 5302 3366 5366 δὲ,
3394 5299 3576 5364 καθὼς
3624 5301 3785 5353 εἴποι

2213 5412 2314 5464 μεν
2341 5397 2398 5448 ὲν
2425 5393 2502 5463 τῷ
2537 5393 2613 5458 ις’
2645 5380 2956 5462 κανόνιλτῆς
3003 5393 3288 5463 παρούσης
3342 5392 3584 5455 συνόδου,
3636 5393 3788 5455 τινὲς

1761 5530 1950 5591 G-uill.
1996 5533 2316 5613 Beveregii
2352 5543 2545 5598 noun:

609 5643 1537 5727 (iii)_Elpn§téra_drarrcu_0jtéor.-
1568 5653 1695 5727 Post
1729 5655 1840 5727 haec
1874 5653 2101 5727 Zonarze

533 5715 791 5793 verbain
819 5716 1011 5793 codice
1045 5715 1481 5793 diuerbachiano
1515 5724 1760 5790 additur,
1822 5724 1972 5793 ζήτει
2001 5726 2099 5778 καὶ

533 5779 624 5863 ⁶ξὺν
653 5782 740 5863 ος’
772 5786 972 5863 κανόνα
1007 5788 1108 5856 τῆς
1137 5791 1308 5863 αὐτῆς
1329 5793 1590 5863 συνόδου,
1620 5797 1714 5847 καὶ
1735 5779 1916 5863 τῆς-έν
1948 5795 2102 5862 Καρ-

538 5850 739 5926 θαγένῃ
770 5856 986 5909 συνόδου
1017 5850 1216 5913 κανόνα
1388 5850 1589 5928 Ωιιιετέ
1625 5875 1671 5918 et
1723 5850 1880 5920 ιιῖνι
1936 5850 2095 5918 ωηο-

2204 5676 2321 5714 nem
2384 5659 2616 5729 ejusdem
2654 5659 2861 5729 synodi,
2898 5668 2970 5713 οι·
3000 5658 3190 5729 synodi
3216 5656 3650 5729 Carthaginensis
3680 5673 3784 5710 ca-

2201 5728 2536 5785 nonem’xut
2564 5769 2578 5784 .
2621 5728 2752 5785 Htec
2791 5738 2972 5800 autem
3009 5728 3486 5800 ipsissima-verba
3525 5730 3691 5780 etiam
3730 5731 3798 5782 in

2201 5801 2540 5857 Balsamonis
2580 5799 2826 5860 scholiis.
2846 5801 2901 5855 in
2932 5797 3080 5856 hunc
3099 5812 3368 5856 canonum
3398 5797 3684 5852 habentur.
