4052 6442
289 375 323 436 ³1
336 376 438 439 3ῖ7

1407 378 1489 438 1N
1520 375 1692 466 CAN,
1711 376 1876 438 xxx
1907 377 2118 440 CONC.
2186 382 2406 445 LAOD.

3413 381 3549 445 1378

300 491 359 540 ὲν
388 486 465 558 τῷ
496 484 762 555 Σαϐϐάτῳ
795 485 1036 555 παντελῆ
1066 483 1341 556 ἀπραξίαν
1369 485 1686 558 ἔργοχείρου
1738 503 1873 540 παν-

1980 491 2127 544 onmi
2155 485 2369 561 penitus
2398 484 2582 566 opere,
2617 508 2779 568 atque
2807 498 2940 553 adeo
2971 499 3134 553 etiam
3185 497 3252 550 ab
3299 495 3430 565 ipsis
3461 495 3546 548 di-

298 581 392 641 τὸς
440 573 608 649 εἶχον,
651 581 745 630 καὶ
791 577 971 633 αὐτῶν
1030 576 1140 630 τῶν
1186 576 1350 631 θείων
1400 577 1874 648 ψαλτῳδημάτων,

300 672 435 742 ὅπερ
472 672 571 738 τῆς
608 669 906 738 Ἰουδαϊκῆς
953 668 1251 738 θρησκείας
1296 669 1457 739 ἔργον
1507 670 1674 734 ἐστὶν,
1719 670 1776 720 ὲν
1820 670 1878 722 δὲ

300 761 380 830 τῷ
405 762 588 815 κανόνι
636 760 832 830 ἐκείνῳ
882 750 1020 830 περΐ
1064 760 1226 831 μόνου
1261 759 1356 812 τοῦ
1406 758 1877 827 ἀναγινώσκεσθαι

298 853 360 904 τὸ
381 853 538 921 ἆγιον
569 849 902 920 Εὐαγγέλιον
925 851 1019 904 καί⁵
1051 851 1150 914 τὰς
1205 851 1352 913 θείας
1374 851 1410 901 Γ
1418 850 1592 920 ραφάς
1623 852 1672 900 οἱ
1708 851 1880 902 Πατέ-

293 959 395 1010 ιρες
458 942 783 1015 διωρίσαντο
825 955 840 971 ⁶
882 943 1006 1013 ἄρτι
1059 941 1531 1013 παρακελεύονται
1572 940 1653 1012 μὴ
1686 940 1878 1010 σχολά-

298 1035 415 1097 ξειν
442 1037 568 1097 τοὺς
598 1036 827 1095 πιστοὺς
845 1035 989 1088 κατά
1025 1036 1316 1095 Ἰουδαίους
1351 1035 1458 1085 ἀπὸ
1491 1033 1598 1084 τῶν
1627 1032 1876 1101 ἐργοχεί-

301 1144 413 1195 ρων
442 1127 644 1192 αὐτῶν,
677 1127 795 1180 ἀλλ’
818 1129 874 1179 ἐν
906 1127 982 1196 τῷ
1029 1127 1294 1196 Σαὸὅάτῳ
1324 1124 1676 1194 ἐργάζεσθαι,
1708 1125 1878 1195 τιμᾷν

293 1220 355 1273 δὲ
413 1220 517 1290 τὴν
568 1222 855 1291 Κυριακὴν
898 1221 985 1274 διὰ
1019 1221 1116 1293 τὴν
1143 1220 1233 1273 τοῦ
1299 1221 1505 1288 Κυρίου
1546 1219 1873 1271 ἀνάστασιν·

292 1310 394 1363 καὶ
440 1310 547 1362 τῶν
584 1314 918 1382 ἑργοχείρων
969 1311 1068 1382 μὲν
1121 1312 1449 1381 ἀπέχεσθαι,
1489 1310 1874 1381 προσεδρεύειν

287 1403 352 1454 δὲ
379 1407 514 1466 ,ταῖς
542 1405 564 1456 ἐ
588 1406 895 1473 κκλησίαις.
933 1405 1078 1476 Πλὴν
1112 1407 1208 1458 καὶ
1242 1405 1421 1467 τοῦτο,
1458 1403 1661 1473 δηλαδὴ
1705 1404 1765 1453 τὺ
1799 1401 1874 1472 μὴ

281 1496 633 1565 ἐργάζεσθαι
665 1499 801 1567 μετά
833 1501 932 1566 τὴν
980 1501 1353 1568 κυριώνυμον,
1395 1498 1494 1549 οὐκ
1537 1500 1874 1563 ἀναγκαστι-

287 1588 409 1651 sub;
441 1589 774 1658 ἐπέτρεψαν,
797 1589 936 1642 ἀλλὰ
966 1589 1318 1661 προσέθεντο,
1358 1590 1478 1656 εἴγε
1518 1588 1767 1641 δύναιντο
1822 1587 1873 1637 oi

283 1684 500 1738 πιστοί.
532 1687 590 1738 Εἰ
618 1686 729 1754 γὰρ
763 1685 821 1752 ἐξ
866 1686 1102 1756 ἀπορίας
1139 1685 1170 1755 ἦ
1212 1684 1376 1753 ἄλλης
1431 1683 1576 1745 τινος
1625 1682 1873 1750 ἀνάγκης

279 1776 392 1826 καὶ
436 1774 583 1826 κατά
616 1776 713 1843 τὴν
741 1773 1084 1844 κυριώνυμον
1111 1772 1413 1843 ἐργάσεταί
1467 1791 1570 1838 τις,
1629 1774 1689 1826 οὑ
1742 1789 1872 1843 προ·

277 1865 818 1934 κριματισθὴσεται.
846 1867 955 1918 Καὶ
987 1869 1014 1919 ὁ
1046 1867 1146 1933 μὲν
1201 1865 1396 1935 παρὼν
1449 1862 1632 1917 κανὼν
1678 1863 1869 1917 ταῦτα.

289 1958 370 2012 Ἠ
422 1959 478 2011 δὲ
507 1957 577 2010 νδ¹
626 1959 816 2030 Νεαρά
861 1959 956 2013 τοῦ
999 1959 1262 2029 βασιλέως
1301 1957 1468 2028 κυροῠ
1519 1957 1743 2018 Λέοντος
1781 1954 1873 2009 τοῦ

274 2052 470 2121 Σοφοῦ
505 2055 596 2104 καὶ
630 2052 826 2114 αὐτοὺς
859 2055 986 2112 τοὺς
1020 2037 1301 2122 γεωργοὺς
1337 2049 1631 2119 διορίζεται
1681 2048 1873 2118 σχολά-

269 2144 411 2209 ζειν
434 2145 574 2196 κατά
600 2146 699 2215 τὴν
728 2143 1096 2215 κυριώνυμον.
1158 2141 1460 2210 Ἀνάγνωθι
1517 2141 1613 2193 καὶ
1667 2138 1769 2209 τῆς
1819 2137 1875 2203 ς’

267 2232 518 2287 σωνόδου
545 2234 747 2287 κανόνα
781 2231 891 2296 ξς’.

367 2325 776 2399 ΖΩΝΑΡηΤοῖς
841 2321 1116 2386 Ἰουδαίοις
1165 2324 1394 2393 τιμᾶται
1449 2322 1512 2375 τὸ
1569 2321 1871 2385 Σάϐϐατον,

275 2419 564 2490 ἀπραξίαν
588 2417 811 2485 ἄγουσιν
845 2420 906 2468 ἐκ
941 2415 1050 2468 τῶν
1102 2415 1281 2486 ἔργων
1340 2415 1543 2480 αὐτῶν,
1609 2414 1704 2467 τοῦ
1755 2432 1870 2468 πα-

277 2511 444 2568 λαιοῦ
475 2511 638 2580 νόμου
669 2509 831 2562 τοῦτο
857 2509 1040 2567 αὐτοῖς
1068 2507 1460 2569 ἐπιτάσσοντος
1487 2523 1501 2538 ⁶
1527 2509 1641 2568 τοῖς
1683 2507 1740 2559 δὲ
1769 2507 1866 2559 τδν

278 2603 649 2672 εὐαγγελικὸν
706 2602 868 2671 νόμον
897 2599 1213 2670 δεξαμένοις
1253 2599 1346 2652 τὸν
1392 2598 1724 2669 τελεώτερον
1772 2605 1872 2666 τη-

283 2697 405 2764 ρεῖν
433 2692 503 2744 τὰ
533 2690 626 2743 τοῦ
671 2691 899 2764 ἀτελους
943 2690 1379 2759 ἀποτέτραπται.
1434 2689 1525 2741 Διὸ
1569 2694 1662 2742 καὶ
1703 2689 1763 2742 τὸ
1816 2691 1873 2741 ὲν

280 2782 558 2853 Σαϐϐάτῳ
585 2782 774 2852 ἀργεῖν
820 2783 932 2844 τοῖς
990 2783 1204 2844 πιστοῖς
1235 2780 1309 2843 ὡς
1335 2781 1628 2834 Ἰουδαϊκὸν
1657 2780 1870 2850 ἀπηγό-

283 2882 506 2948 ρευται,
563 2875 660 2926 καὶ
715 2877 828 2936 τοῖς
883 2871 1270 2935 Ἰουδαῒζουσιν
1308 2867 1563 2941 ἀνάθεμα
1611 2872 1640 2924 ὁ
1685 2870 1871 2924 κανὼν

281 2966 684 3035 ὲπιψηφίζεται
727 2967 785 3017 ἐν
815 2964 1060 3032 Χριστῷ,
1114 2964 1365 3015 τουτέστι
1424 2965 1872 3032 κεχωρισμένους

281 3055 436 3110 εἶναι
466 3056 561 3108 καὶ
584 3056 1062 3127 ἀποδιῃρημένους
1110 3053 1205 3106 τοῦ
1254 3052 1518 3122 Χριστοῦ,
1585 3055 1776 3123 ἀργεῖν
1825 3052 1872 3104 δ’

1901 1834 1950 1890 Β

1979 582 2119 637 vinis
2157 587 2406 650 canticis,
2448 592 2671 644 omnino
2701 595 3005 650 cessabant.
3036 589 3179 659 quod
3211 587 3548 642 estJudait-ae

1979 678 2381 743 superstitionis
2415 696 2573 749 opus,
2599 682 2652 735 in
2685 681 2774 735 illo
2808 691 2985 736 autem
3031 697 3260 744 canone,
3288 680 3462 734 solum
3491 688 3551 731 ut

1978 761 2188 832 legatur
2238 765 2584 838 Evangelium
2637 781 2693 824 et
2746 773 2941 824 divinae
2983 772 3322 842 Scripturae,
3360 769 3546 824 Patres

1977 857 2372 912 constituerunt
2396 878 2409 912 :
2443 877 2584 915 nunc
2605 862 2814 930 jubent,
2841 879 2908 917 ne
2927 864 3165 916 otietttur
3191 863 3373 916 fideles
3398 877 3547 915 more

1977 941 2286 998 Judzeorutu
2319 963 2345 999 a
2375 950 2490 1002 suis
2527 951 2800 1016 operibus,
2835 953 2927 1005 sed
2962 953 3013 1005 in
3049 952 3289 1006 Sabbato
3323 955 3540 1022 quidem

1975 1045 2288 1098 Operentur,
2342 1036 2681 1093 Dominicum
2735 1050 2911 1093 autem
2970 1040 3277 1103 honorent,
3329 1049 3550 1110 propter

1974 1123 2140 1195 466
2171 1126 2380 1182 Domini
2416 1133 2908 1197 resurrectionem;
2950 1143 3002 1184 et
3049 1147 3079 1185 a
3127 1148 3382 1186 manuum
3426 1133 3549 1200 qua.

1976 1218 2097 1268 dem
2133 1220 2386 1284 operibus
2417 1223 2744 1286 abstineant,
2774 1223 3018 1277 ecclesiis
3051 1237 3225 1278 autem
3251 1226 3546 1278 assideant.

1978 1308 2082 1361 Sed
2119 1321 2166 1362 et
2202 1312 2320 1374 huc,
2356 1314 2556 1367 scilicet
2591 1316 2678 1368 dic
2721 1316 3022 1379 Dominico,
3051 1332 3153 1368 uou
3185 1317 3419 1385 operari,
3442 1331 3544 1368 non

1976 1403 2280 1455 necessario
2319 1407 2678 1470 mandarunt;
2727 1409 2819 1460 sed
2855 1409 3190 1476 adjecerunt,
3224 1410 3267 1460 si
3316 1409 3544 1476 possint,

1979 1489 2180 1546 fideles.
2217 1494 2272 1547 Si
2299 1495 2447 1548 enim
2475 1507 2692 1564 propter
2730 1498 2986 1566 inopiam,
3021 1499 3100 1552 vel
3125 1500 3356 1566 aliquam
3387 1499 3546 1552 aliam

1974 1584 2381 1650 necessitatem,
2412 1589 2572 1640 etiam
2599 1589 2684 1643 die
2708 1587 2990 1644 Dominico
3015 1589 3176 1644 fuerit
3201 1591 3392 1658 aliquis
3419 1605 3548 1658 upe-

1975 1684 2143 1739 ratus,
2181 1677 2545 1745 prmjudicium
2579 1680 2626 1733 ei
2656 1695 2761 1734 nou
2793 1679 3069 1735 afferetur.
3095 1681 3159 1734 Et
3187 1682 3300 1735 haec
3329 1683 3545 1750 quidem

1976 1771 2266 1838 pradictus
2330 1788 2529 1829 canon.
2587 1774 3061 1844 Quiuquagesiutat
3113 1788 3318 1844 quarta)
3361 1785 3540 1829 autem

1979 1861 2321 1930 imperatoris
2372 1866 2574 1920 domini
2607 1867 2800 1921 Leonis
2828 1867 3085 1935 sapientis
3115 1866 3332 1921 Novella
3361 1867 3543 1921 decer-

1978 1952 2069 2014 nit,
2112 1953 2257 2023 ipsos
2300 1971 2519 2026 quoque
2568 1956 2833 2027 agricolas
2882 1957 2969 2010 die
3018 1956 3296 2010 Dominico
3347 1957 3565 2029 debere

1975 2050 2158 2102 otiari.
2188 2047 2329 2118 Lege
2358 2060 2413 2104 et
2445 2059 2610 2104 sexta:
2638 2049 2826 2120 synodi
2861 2064 3122 2104 cauouem
3153 2047 3242 2104 66.

2047 2321 2297 2378 ZONAR.
2332 2323 2553 2378 Sabbati
2592 2324 2734 2378 diem
2782 2321 2952 2379 Judaei
3001 2323 3224 2386 colunt,
3261 2337 3358 2378 nec
3389 2322 3548 2394 quid-

1973 2430 2134 2483 quam
2164 2418 2364 2486 operis,
2395 2416 2470 2470 ita
2506 2416 2741 2486 antiquae
2775 2416 2906 2486 legis
2952 2416 3197 2471 instituto
3239 2418 3414 2472 edocti
3439 2457 3456 2481 ,
3482 2432 3546 2471 ea

1976 2507 2097 2562 luce
2124 2509 2395 2577 attingunt
2427 2524 2442 2560 :
2479 2510 2568 2576 qui
2607 2522 2732 2563 vero
2766 2509 2935 2578 legem
2967 2509 3330 2578 evangelicam
3363 2509 3544 2578 ρει-[οι

1974 2595 2201 2649 ctiorem
2242 2607 2390 2650 sunt...
2419 2597 2700 2664 amplexi.
2739 2599 2825 2660 iis,
2877 2613 2944 2652 ne
2984 2598 3406 2668 itnperfcctioris
3455 2601 3548 2654 de-

1973 2697 2121 2744 creta
2167 2699 2422 2756 servent,
2477 2692 2822 2745 interdictum
2877 2701 2980 2745 est.
3031 2691 3264 2746 Proinde
3309 2690 3550 2746 Sabhato

1975 2779 2158 2851 otiari,
2193 2788 2449 2849 tanquam
2506 2783 2732 2850 repetito
2785 2799 2812 2833 a
2859 2779 3062 2835 Judazis
3097 2798 3265 2847 more,
3305 2781 3550 2836 fidelibus

1974 2871 2114 2924 baud
2151 2873 2473 2940 permissum
2499 2913 2514 2938 ,
2545 2874 2743 2941 quique
2771 2871 3009 2928 Judaicis
3077 2874 3269 2928 ritibus
3314 2874 3556 2928 adhaere-

1973 2971 2146 3026 scant,
2182 2962 2247 3015 iis
2285 2977 2458 3016 canon
2488 2963 2774 3016 anathema
2823 2963 2877 3015 in
2923 2961 3144 3018 Christo
3175 2963 3400 3029 indicit,
3449 2963 3552 3018 hoc

1973 3066 2079 3119 εει,
2129 3070 2158 3108 a
2190 3053 2406 3109 Christo
2448 3065 2758 3123 segregatos
2787 3070 2850 3108 ac
2887 3056 3088 3110 divisos
3117 3069 3239 3109 esse
3283 3054 3548 3108 decernit.

282 3149 611 3218 ἐπιτρέπειν
642 3147 784 3200 κατά
813 3145 910 3215 τὴν
939 3145 1231 3215 Κυριακὴν
1261 3144 1350 3196 διὰ
1377 3144 1478 3213 τὴν
1512 3141 1606 3196 τοῦ
1664 3143 1868 3211 Κυρίου

1982 3146 2326 3201 Vacationent
2355 3160 2515 3214 porro
2548 3146 2824 3200 Dominica
2854 3146 2995 3211 luce,
3033 3147 3084 3200 id
3112 3147 3230 3215 ejus
3257 3147 3359 3201 diei
3391 3161 3552 3200 vene-

283 3242 588 3295 ἀνάστασιν
613 3240 711 3311 τὴν
742 3241 955 3310 ἡμέραν
986 3238 1286 3305 τιμῶντας.
1307 3236 1450 3288 Ἀλλ’
1481 3237 1509 3288 ὁ
1543 3237 1641 3306 μὲν
1669 3234 1873 3300 κανὼν,

285 3336 340 3387 εί
369 3333 644 3396 δύναιντο,
687 3331 989 3403 προσέθετο
1018 3347 1033 3362 ο
1085 3334 1113 3384 ό
1176 3331 1232 3382 δὲ
1266 3330 1366 3400 τῆς
1401 3329 1682 3392 πολιτείας
1711 3328 1874 3398 νόμος

286 3427 674 3495 ἀπαραίτητον
703 3427 801 3496 τὴν
858 3426 1058 3496 ἀργίαν
1108 3426 1166 3477 ὲν
1207 3426 1280 3494 τῇ
1335 3423 1587 3493 Κυριακῇ
1650 3422 1874 3474 ἀπαιτεῖ

285 3521 426 3574 ἄνευ
462 3520 571 3570 τῶν
614 3517 901 3588 γεωργῶν.
943 3518 1210 3580 Ἑκείνοις
1242 3517 1474 3583 γάρικαὶ
1510 3516 1568 3567 ἐν
1612 3516 1866 3584 Κυριακῇ

285 3610 628 3681 ἐργάζεσθαι
655 3611 897 3680 ἐφίησιν,
937 3610 1018 3661 ὅτι
1052 3609 1182 3671 ἴσως
1211 3607 1322 3660 τῶν
1369 3607 1549 3676 ἔργων
1604 3623 1868 3659 κατεπει-

283 3702 501 3770 γόντων
523 3700 619 3769 οὐχ
657 3701 984 3770 εὑρήσουσιν
1015 3698 1184 3768 ἀλλην
1217 3699 1431 3768 ἡμέραν
1466 3697 1641 3758 οὕτως
1689 3698 1874 3757 αὐτοῖς

271 3797 372 3864 ⁴εἰς
405 3795 474 3844 τὰ
509 3791 644 3858 ἔργα
673 3792 854 3844 αὐτῶν
887 3790 1358 3860 συμόαλλομ.ἐνην.
1404 3791 1514 3842 Καὶ
1555 3789 1584 3840 ό
1607 3787 1650 3839 o'
1692 3787 1873 3840 κανὼν

284 3887 402 3938 τῶν
461 3882 780 3936 ἀποστόλων
831 3882 954 3934 οὔτε
1025 3882 1309 3949 νηστεύειν
1368 3879 1507 3948 μετά
1576 3879 1870 3942 Ἰουδαίων,

285 3976 415 4030 οὔτε
443 3974 723 4043 ἑορτάζειν
757 3976 1081 4044 παραχωρεῖ
1119 3975 1231 4036 τοῖς
1259 3975 1472 4034 πιστοῖς
1506 3988 1520 4003 ο
1575 3970 1709 4024 ἀλλά
1759 3969 1870 4021 τῶν

293 4071 397 4139 μὲν
447 4068 760 4137 ἱερωμένων
795 4065 1116 4137 καθαίρεσιν
1156 4064 1617 4134 καταψηφίζεται,
1647 4061 1774 4123 τοὺς
1815 4059 1872 4113 δὲ

288 4161 522 4223 λαῖκοὺς
552 4161 827 4230 ἀφορίζει.

1986 3239 2202 3302 rationi,
2245 3253 2348 3308 qua
2394 3237 2646 3292 Christus
2699 3254 2730 3292 a
2786 3239 3010 3292 mortuis
3040 3240 3305 3293 redivivus
3337 3241 3548 3293 exstitit

1983 3330 2308 3396 deterentes,
2361 3332 2566 3401 agitare
2612 3331 2954 3401 permissum.
3010 3332 3076 3385 Et
3125 3346 3296 3384 canon
3333 3332 3547 3401 quidem

1982 3426 2149 3490 addit,
2211 3425 2253 3478 si
2306 3413 2533 3491 possunt
2565 3439 2579 3475 :
2615 3424 2699 3478 lex
2752 3425 2888 3479 vero
2935 3423 3128 3488 civilis,
3167 3439 3195 3476 a
3233 3423 3552 3478 muneribus

1978 3513 2067 3569 die
2099 3515 2376 3570 Dominico
2401 3515 2731 3570 vacationem
2758 3529 2898 3580 esse,
2928 3516 2981 3570 si
3005 3515 3362 3584 agricolarum
3385 3526 3548 3581 opera

1976 3609 2235 3676 excipias,
2267 3611 2490 3663 omnino
2543 3609 2715 3678 jubet.
2767 3608 2873 3661 Illis
2905 3605 3187 3676 "namque,
3229 3605 3356 3674 quia
3410 3606 3550 3658 forte

1975 3699 2230 3765 operibus
2277 3699 2450 3766 primo
2503 3713 2715 3766 quoque
2777 3707 3019 3767 tempore
3069 3696 3333 3750 obeundis
3381 3696 3545 3748 alium

1975 3791 2114 3844 diem
2145 3792 2346 3859 pariter
2374 3791 2840 3844 aceommodatum
2874 3789 3115 3842 nancisci
3149 3804 3252 3842 uou
3283 3787 3353 3840 ita
3387 3785 3546 3840 facile

1983 3880 2179 3942 fuerit,
2215 3881 2490 3934 Dominico
2525 3897 2739 3950 quoque
2786 3881 2872 3934 die
2919 3895 3136 3950 operam
3187 3879 3415 3933 navandi
3462 3877 3547 3931 fa-

1971 3971 2144 4026 cultas
2181 3985 2435 4026 coaceSSa
2464 3981 2565 4026 est.
2605 3973 2670 4026 Et
2701 3987 2826 4026 vero
2856 3972 3285 4042 septuagesimus
3335 3984 3548 4040 quoque

1981 4075 2296 4118 sanctorum
2327 4066 2688 4134 apostolorum
2722 4080 2894 4118 canon
2945 4080 3121 4133 neque
3164 4062 3368 4134 jejuuia
3420 4076 3545 4116 cum

1979 4153 2180 4208 Judmis
2211 4170 2489 4220 exercere,
2520 4169 2617 4209 nec
2648 4155 2813 4210 festos
2846 4155 2962 4208 dies
2988 4169 3168 4224 agere.
3189 4155 3373 4208 fideles
3396 4154 3546 4206 sinit:

290 4271 484 4311 verum
520 4258 607 4324 qui
644 4257 693 4310 id
723 4255 966 4323 fecerint,
995 4254 1164 4310 sacris
1198 4253 1416 4323 quidem
1447 4250 1727 4306 ordinibus
1784 4247 2022 4302 initiatos
2081 4250 2433 4314 deoositione,
2495 4249 2663 4305 laicus
2725 4263 2851 4303 vero
2927 4247 3318 4319 segregatione,
3380 4243 3546 4300 teneri

291 4354 465 4403 iubet.

291 4355 385 4401 ἰιι
428 4358 465 4403 ι.

284 4355 526 4498 ἍὲῖΣΤ.
561 4459 581 4494 ι
754 4439 1034 4494 Σάϐϐστον
1079 4439 1311 4510 ἀργήσει
1337 4435 1684 4508 Χριστιανὸς,
1738 4433 1874 4485 ἀλλά

848 4552 866 4584 ι
913 4531 1220 4603 Κυριακήν.
1255 4551 1273 4584 ι

1980 4424 2210 4481 ARIST.
2252 4445 2272 4479 ι
2311 4427 2651 4492 Christianus
2677 4441 2781 4480 nun
2814 4424 3052 4490 Sabbato
3072 4468 3087 4493 ,
3123 4425 3216 4480 sed
3247 4426 3334 4482 die
3365 4425 3548 4483 Domi-

2515 4540 2535 4571 ι
2562 4522 2680 4574 nica
2713 4520 2958 4574 feriatur.
2995 4537 3012 4570 ι
3072 4567 3080 4575 .

324 4607 326 4612 ’
386 4624 669 4687 Ἰουδαΐζει
705 4625 810 4694 γὰρ
857 4626 913 4676 ἐν
959 4587 1036 4693 etii
1077 4587 1339 4694 Σαόϐάτῳ
1411 4621 1686 4692 σχολάζων
1739 4621 1871 4690 Χρι-

2052 4611 2394 4668 Christianus
2425 4614 2566 4666 enim
2603 4613 2692 4680 qui
2726 4613 2778 4666 in
2816 4610 3051 4665 Sabbnto
3079 4623 3256 4676 vacat,
3285 4611 3542 4680 jutiaizat.

298 4717 544 4781 στιανός.
578 4717 679 4769 Διά
707 4716 864 4769 τοῦτο
893 4717 970 4769 δεῖ
1013 4717 1342 4786 ἐργάζεσθαι
1401 4717 1458 4767 ὲν
1483 4717 1620 4785 αὐτῇ
1667 4714 1872 4784 ἡμέρᾳ,

301 4811 590 4884 σχολάζειν
613 4811 669 4863 δὲ
701 4813 754 4863 ἐν
783 4813 850 4881 τῇ
885 4811 1166 4881 Κυριακῇ.

903 4902 1142 4955 ΚΑΝΩΝ
1182 4898 1256 4955 Λ’.

307 5017 326 5050 ι
378 4996 507 5052 ’Ότι
563 4996 625 5047 οὐ
684 4995 764 5048 δεῖ
809 4996 1088 5064 ἱερατικὸν
1130 4996 1163 5066 ἢ
1201 4991 1509 5066 κληρικδνῆ
1541 4989 1783 5060 ἀσκητὴν
1812 4990 1870 5038 ὲν

386 5109 405 5140 ι
457 5087 726 5158 βαλανείῳ
780 5088 920 5156 μετά
973 5086 1246 5156 γυναικῶν
1301 5082 1686 5144 ἀπολούεσθαιζ
1743 5079 1876 5152 μηδὲ

385 5201 404 5233 ι
455 5182 636 5233 πάντα
667 5179 1016 5246 Χριστιανὸν,
1049 5178 1082 5248 ἢ
1113 5178 1300 5231 λαῖκόν
1327 5194 1344 5211 ο
1385 5175 1525 5246 αὕτη
1545 5175 1653 5245 γὰρ
1686 5175 1874 5243 πριίιτη

385 5294 404 5326 ι
458 5275 803 5341 κατάγνωσις
835 5275 948 5335 τοῖς
976 5270 1206 5322 ἔθνεσιν.
1248 5289 1266 5323 ι

380 5367 580 5442 ΒΑΛΣκ.
622 5367 710 5420 Ἐν
738 5365 814 5436 τῷ
843 5363 920 5429 οζ’
951 5363 1138 5417 κανόνι
1161 5363 1262 5431 τῆς
1299 5366 1352 5426 ς’
1381 5359 1621 5422 συνόδου,
1663 5359 1731 5412 τά
1774 5360 1876 5410 αύ-

304 5461 374 5515 τά
396 5458 474 5529 τῷ
507 5459 734 5528 παρόντι
770 5461 955 5513 κανόνι
1007 5455 1362 5527 διοριζομένῳ
1416 5451 1875 5522 ἀπαραλλάκτως,

305 5551 632 5625 ἐγράψαμεν
661 5551 728 5603 τὰ
752 5551 1002 5616 δόξαντα.

378 5644 626 5701 ΖΩΝΑΡ.
671 5643 745 5695 Τὸ
809 5641 1168 5696 συλλούεσθαι
1231 5642 1482 5711 γυναιξὶν
1535 5639 1736 5710 ἄνδρας
1783 5637 1877 5692 καὶ

307 5738 574 5810 βλαϐερόν
605 5739 754 5789 ἐστιν
787 5737 866 5798 είς
891 5735 1089 5805 ψυχὴν,
1117 5734 1212 5788 καὶ
1264 5733 1439 5795 ἄλλως
1488 5723 1877 5804 ἀσχημοσύνης

308 5831 527 5899 ἀπάσης
555 5832 830 5888 ἐπέκεινα.
856 5828 930 5884 Τὸ
962 5826 1072 5898 γὰρ
1103 5829 1316 5900 γυμνὰς
1342 5826 1574 5898 ὁρᾶσθαι
1606 5829 1876 5898 γυναῖκας

1982 4705 2322 4774 Quapmpter
2364 4704 2467 4759 ista
2517 4704 2602 4758 die
2655 4704 2867 4771 operari
2910 4713 3121 4772 oportet
3176 4712 3232 4756 et
3269 4703 3548 4759 Dominica

1982 4813 2193 4852 vincare.

2541 4888 2769 4945 CANON
2814 4887 2984 4943 XXX.

1984 5003 2004 5038 ι
2041 4987 2187 5053 Quod
2225 5002 2330 5040 non
2385 4985 2597 5055 oportet
2649 4993 2942 5048 sacratum,
2991 4982 3074 5036 vel
3129 4980 3402 5047 clericum,
3461 4982 3548 5036 vel

2056 5101 2075 5134 ι
2119 5083 2470 5144 monachum,
2521 5081 2573 5133 in
2615 5079 2806 5133 balneo
2835 5092 2955 5132 cum
2993 5075 3310 5131 mulieribus
3336 5073 3502 5129 lavari
3527 5115 3544 5136 ,

2053 5194 2072 5228 ι
2109 5190 2284 5245 neque
2318 5188 2530 5228 onmem
2565 5173 2778 5240 penitus
2801 5169 3190 5232 Christianum,
3216 5165 3542 5230 vel-laicum.

2051 5285 2070 5318 ι
2107 5265 2231 5320 Πωο
2277 5274 2359 5320 est
2392 5265 2534 5318 enim
2579 5263 2750 5333 prima
2788 5260 3036 5331 gentibus
3076 5258 3474 5315 condemnatio.
3519 5276 3539 5310 ι
3573 5319 3579 5330 1

2045 5358 2240 5414 BALS.
2275 5357 2331 5411 In
2365 5371 2572 5412 canone
2620 5355 2686 5407 77
2733 5363 2898 5409 sexta:
2951 5352 3163 5424 synodi,
3215 5350 3544 5420 qui’eadetn

1979 5451 2206 5511 Omnino
2255 5466 2375 5505 cum
2425 5448 2673 5519 praesenti
2720 5458 2927 5501 canone
2975 5444 3185 5510 statuit,
3233 5441 3548 5526 scripsimus

1981 5560 2103 5617 quae
2131 5545 2244 5599 visa
2275 5543 2510 5598 fuerunt.

2052 5637 2303 5693 ZONAR.
2327 5636 2484 5691 Viros
2512 5650 2634 5690 cum
2662 5631 2878 5687 feminis
2904 5631 3093 5708 lavari,
3123 5637 3235 5684 tum
3261 5636 3342 5682 est
3368 5626 3549 5681 animo

1981 5731 2368 5804 perniciosum,
2395 5736 2507 5783 tum
2538 5742 2568 5781 a
2600 5727 2796 5782 decore
2824 5733 2878 5780 et
2911 5725 3194 5779 honestate
3217 5720 3361 5804 omni
3397 5732 3555 5788 pror-

1982 5840 2076 5884 sus
2114 5823 2376 5883 alienum.
2407 5817 2618 5878 Etenim
2648 5817 2781 5893 sise
2805 5815 3034 5876 invicem
3061 5816 3250 5903 nudos,
3273 5811 3375 5870 viri
3422 5825 3546 5866 unt-
3585 5855 3594 5864 .
