2026 3198
228 154 300 188 13391

869 163 1006 194 ΤΠΕΟΙ).
1031 164 1234 196 BALSAMON

1787 165 1848 197 139?.

222 213 293 248 quid
306 213 448 242 harmonia
481 223 543 250 quae
558 223 688 245 sonorum
709 218 904 253 ppellationes
918 239 927 252 ,
947 220 1005 255 qui:

1066 221 1124 256 βίον
1139 221 1214 257 αὐτῷ
1229 208 1423 256 λυμανοῦνται,
1440 220 1472 247 Et
1488 220 1516 247 δὲ
1531 220 1618 250 ταῦτα
1635 219 1731 252 ειδὼς,
1748 220 1792 247 καὶ
1807 222 1847 256 ὀρ-

226 263 300 290 nete,
317 259 428 295 hypate,
445 261 647 297 parhypateque
660 264 814 299 signiﬁcent
828 274 835 293 :
862 265 964 293 nullam
976 266 1016 293 id-

225 304 302 332 circo
315 312 348 332 ex
364 313 395 332 ea
408 314 437 333 re
453 306 515 334 ﬁdei
532 312 579 335 aut
599 309 743 344 probitatis
758 310 892 345 iacturam
904 312 1013 340 sentiet.

227 349 326 377 Verum
344 351 366 378 si
381 351 431 378 hac
442 354 596 387 cognitione
606 354 737 387 imbutus,
755 356 936 384 instrumenta
945 364 1014 391 quo-

223 401 278 428 que
296 397 409 422 musicae
422 397 489 424 artis
502 399 645 431 adhibeat,
673 401 912 436 cantiunculisqne
934 402 1014 429 lasci-

224 440 302 468 viens
314 441 485 470 oblectetur:
498 443 526 470 id
543 445 651 472 demum
663 450 678 473 a
690 455 814 482 persona:
826 447 881 476 Deo
897 452 1013 476 sacratae

223 487 357 521 gravitate
369 488 488 517 alienum
505 489 596 518 fuerit.
611 492 640 518 In
663 494 812 528 geometria
836 502 958 530 quoque,
986 495 1011 523 si

224 532 285 565 quis
300 533 395 560 eodem
411 534 503 568 modo,
523 537 586 570 quid
605 543 737 572 punctum
754 540 812 571 sit,
834 540 899 574 quid
917 540 987 567 linea
1001 560 1009 572 ,

222 578 286 611 quid
304 580 472 613 superﬁcies,
488 582 588 616 quidve
599 584 662 610 item
674 584 777 620 ﬁgura;
792 590 847 613 tum
864 586 1009 619 linearum,

224 632 284 656 quae
298 630 382 658 recta,
400 634 461 661 quae
475 635 558 655 curva
571 648 579 660 ,
593 636 652 663 qua:
667 631 777 658 sinu0sa
788 651 797 663 ,
811 640 871 666 quae
882 632 1008 666 obliqua,

222 678 282 704 quae
301 673 433 705 rotunda;
450 674 611 708 angulorum
630 682 758 710 praeterea
779 677 891 711 quinam
909 679 1009 705 rectili-

222 717 277 749 nei,
293 718 339 751 qui
356 720 572 750 secus;initium
585 728 692 756 quoque
705 722 798 757 ﬁgura:
815 724 901 757 planta
916 724 1008 759 cujus-

222 769 344 794 qucesse
361 764 521 798 trilaterum,
535 773 656 801 quasque
673 767 700 794 in
713 769 818 802 species
831 769 857 795 id
871 770 1008 797 tribuatur

220 808 408 842 tributumque
421 809 517 836 iterum
534 811 683 844 dividatur,
696 821 727 840 ac
741 814 875 840 circulum
892 815 1006 849 ﬁguram

219 860 280 879 esse
308 853 436 887 planam,
463 862 577 890 qumque
605 865 665 884 eum
696 859 928 887 absolvatlineam
943 869 1006 888 esse

1068 268 1145 303 γάνῳ
1158 269 1291 303 κέχρηται
1304 266 1440 302 μουσικῷ,
1452 267 1499 294 καὶ
1510 266 1591 293 τοῦτο
1604 266 1847 302 μεταχειριζόμενος

1066 314 1179 350 ᾅσματα
1194 314 1264 350 ᾅδει,
1279 313 1327 340 καὶ
1341 313 1431 349 χαίρει
1445 312 1550 343 τούτοις
1566 313 1707 348 ἡδόμενος,
1724 312 1799 339 τοῦτο
1812 313 1847 339 ie-

1067 361 1199 395 ρωμὲνων
1211 360 1332 393 ἀνάξιον.
1346 360 1402 387 Καὶ
1414 359 1462 386 ἐπὶ
1473 360 1522 394 τῆς
1535 359 1707 394 γεωμετρίας
1719 359 1793 391 εἴτις
1805 358 1848 386 αὖ-

1066 407 1110 438 θις
1123 406 1252 440 γινώσκοι
1262 406 1292 433 ιτί
1308 406 1359 441 μὲν
1374 406 1486 441 σημεῖόν
1499 407 1569 438 ἐστι,
1583 406 1610 432 τί
1623 405 1652 432 δι
1666 405 1792 441 γραμμὴ,
1805 412 1848 438 καὶ

1064 452 1091 478 τί
1106 452 1253 487 ἐπιφάνεια
1264 471 1271 483 ι
1288 452 1336 478 καὶ
1353 452 1448 487 σχῆμα
1463 451 1492 478 δὲ
1508 451 1552 483 τί,
1571 451 1619 478 καὶ
1635 451 1677 483 τίς
1693 450 1748 477 τῶν
1764 459 1845 486 γραμ-

1066 497 1124 533 μῶν
1143 497 1251 530 εὐθεῖα,
1265 498 1331 524 ποία
1351 497 1382 525 δὲ
1404 497 1550 533 καμπύλη,
1569 496 1617 524 καὶ
1637 496 1679 528 τίς
1699 496 1849 534 ἑλικοειδὴςν

1064 541 1105 572 τῖς
1129 541 1158 568 δὲ
1179 541 1285 574 σκολιὰ,
1306 542 1354 568 καὶ
1375 543 1441 569 ποία
1462 542 1625 577 περιφερὴς,
1646 542 1693 569 καὶ
1713 542 1782 574 τίνες
1801 542 1849 568 τῶν

1064 588 1169 621 γωνιῶν
1182 587 1386 622 εὐθύγραμμοι,
1402 587 1475 618 τίνες
1490 587 1518 613 δὲ
1533 588 1563 613 ού
1578 587 1715 618 τοιαῦται,
1728 588 1767 614 ὅτι
1782 587 1847 623 ἁρχὴ

1062 632 1117 658 τῶν
1131 632 1268 658 ἐπιπέδων
1283 632 1430 667 σχημάτων
1442 632 1474 658 τὸ
1488 631 1661 666 τρίπλευρον,
1675 633 1724 658 καὶ
1735 632 1774 663 εἰς
1785 632 1849 658 πόσα

1062 677 1141 704 τοῦτο
1158 677 1304 712 διῄρηται,
1322 678 1371 704 καὶ
1389 677 1569 712 ὑποδιῄρηται
1581 697 1589 708 ,
1608 677 1655 705 καὶ
1671 677 1712 703 ὅτι
1728 677 1742 703 ό
1757 676 1848 708 κύκλος

1062 724 1156 759 σχῆμα
1172 722 1319 755 ἐπίπεδον,
1336 723 1384 750 καὶ
1400 723 1417 758 ἡ
1434 722 1529 749 τοῦτον
1551 722 1725 749 ἀποτελοῦσα
1741 722 1847 758 γραμμὴ

1060 769 1240 805 περιφέρεια,
1253 769 1300 796 καὶ
1311 769 1338 796 τί
1352 769 1402 804 μὲν
1414 768 1538 804 κέντρον,
1551 769 1578 795 τί
1591 769 1619 795 δὲ
1635 769 1792 804 διάμετρος,
1804 768 1847 795 καὶ

1060 815 1102 846 τίς
1118 815 1131 841 ό
1143 814 1190 841 τοῦ
1205 814 1306 841 κύκλου
1321 814 1423 850 τομεύς
1433 822 1440 830 °
1456 815 1471 840 ό
1484 814 1602 850 γνώμων
1615 814 1644 841 δὲ
1656 815 1709 847 τίς,
1724 816 1769 841 καὶ
1780 815 1847 846 ὅπως

1058 861 1074 886 ό
1092 859 1189 892 κύκλος
1206 860 1354 895 σχημάτων
1371 860 1447 886 ἐστὶν
1464 861 1593 887 ἁπάντων
1611 861 1684 896 ἀρχὴ
1695 881 1703 894 ,
1720 861 1766 888 καὶ
1783 870 1844 888 παν-

219 898 480 932 circumt’erentiam,
492 901 558 935 quid
574 909 655 936 porro
669 908 792 930 centrum
804 923 812 936 ,
828 904 894 939 quid
903 905 1005 933 diame-

1058 906 1170 936 ταίτιος,
1192 907 1240 932 καὶ
1259 905 1355 937 τᾶλλα.
1377 906 1422 932 ἵνα
1445 906 1483 940 μὴ
1505 906 1621 933 ἕκαστον
1642 907 1844 942 καταλέγωμεν-

220 950 271 973 ter,
287 945 353 979 quid
366 950 455 972 sector
467 947 574 979 circuli,
591 948 656 982 quid
668 950 811 982 gnomonis
836 951 945 978 nomine
964 951 1005 978 in—

217 990 410 1025 telligendum;
438 997 576 1026 postremo
599 995 732 1022 circulum
763 1003 825 1024 esse
854 997 1004 1032 ﬁgurarum

219 1037 340 1062 omnium
353 1036 459 1063 initimn
473 1057 481 1069 ,
498 1043 525 1065 et
540 1046 651 1066 causam
665 1060 673 1072 ,
690 1041 744 1067 alia
764 1042 882 1077 denique
894 1063 902 1075 .
920 1051 953 1070 ne
977 1044 1003 1071 in

217 1081 331 1115 singulis
343 1084 536 1116 pcrcensendis
551 1085 653 1112 diutius
670 1086 846 1114 immoremur
857 1108 866 1122 ,
890 1089 926 1115 sit
940 1090 1004 1117 edo-

216 1133 288 1154 ctus.
302 1128 370 1155 Tum
387 1129 414 1155 in
431 1130 617 1163 astronomia,
644 1132 667 1158 si
686 1133 751 1166 quid
784 1134 908 1167 sphaera,
938 1135 1004 1170 quid

214 1179 338 1201 centrum
354 1175 424 1209 ejus,
443 1183 475 1203 ac
489 1184 549 1203 esse
562 1182 684 1205 centrum
701 1179 783 1206 veluti
807 1184 906 1208 terram
926 1183 1003 1209 coelo

215 1212 400 1254 comparatam
413 1229 419 1253 ;
436 1222 458 1248 si
472 1222 537 1255 quid
554 1222 697 1255 diameter,
712 1228 738 1250 et
754 1226 865 1259 quando
890 1227 949 1254 axis
961 1227 1003 1254 di-

214 1270 310 1298 catur;
330 1267 351 1293 si
365 1274 416 1300 qua
432 1267 537 1294 ratione
550 1268 576 1294 in
588 1268 693 1302 sphaera
706 1271 834 1298 zodiacus
851 1271 952 1305 jaceat,
966 1272 1001 1299 illi

214 1312 423 1344 cuncentricus;
439 1313 462 1339 si
479 1313 550 1340 unde
566 1314 735 1347 planetarum
766 1322 869 1348 motus,
882 1321 911 1344 ut
926 1318 1002 1344 vide-

214 1363 259 1383 tur
278 1358 418 1391 inaequalis
433 1362 461 1385 et
473 1359 642 1392 reciprocus,
657 1365 809 1395 ceteraque
838 1362 881 1389 his
906 1369 1001 1389 consc-

212 1404 325 1438 quentia
342 1403 415 1430 haud
432 1403 536 1438 ignoret
554 1412 560 1429 :
578 1405 662 1432 nihilo
677 1412 805 1440 praeterea
832 1409 923 1435 minus
936 1416 1001 1436 con-

212 1453 317 1475 stanter
328 1456 392 1483 erga
406 1448 466 1475 ﬁdei
482 1451 610 1484 mysteria
633 1450 769 1478 hominem
793 1452 918 1480 allectum
939 1462 1001 1482 esse

212 1495 363 1526 putandum
378 1499 429 1521 est.
444 1493 472 1521 Si
490 1496 552 1529 quis
566 1503 629 1522 vero
644 1497 700 1523 Ilaec
718 1497 754 1524 ita
769 1498 874 1529 didicit.
889 1504 917 1526 ut
930 1500 1000 1529 ineo

213 1540 366 1574 disciplinae
381 1548 479 1573 genere
493 1541 574 1568 nimis
587 1543 695 1569 curiose
706 1543 743 1570 sit
758 1549 892 1576 versatus.
910 1553 943 1573 ac
964 1547 1000 1574 si-

1060 953 1114 978 Καὶ
1129 952 1174 978 ἐπὶ
1193 954 1243 987 τῆς
1265 952 1444 987 ἀστρονομίας
1465 952 1491 979 εἰ
1509 962 1552 984 τις
1573 953 1656 988 εἰδείη
1675 953 1702 979 τί
1727 953 1774 988 μέν
1794 954 1846 979 ἐστι

1059 997 1173 1031 σφαῖρα,
1186 996 1212 1022 τί
1226 996 1255 1022 δὲ
1269 997 1381 1032 κέντρον
1392 996 1489 1032 αὐτῆς,
1503 997 1548 1023 καὶ
1564 998 1604 1024 ὅτι
1619 998 1746 1033 κέντρον,
1759 997 1844 1033 ὥσπερ

1058 1043 1075 1076 ὴ
1096 1043 1130 1076 γῆ
1153 1042 1221 1077 πρὸς
1238 1042 1283 1068 τὸν
1303 1043 1435 1077 οὐρανόν,
1456 1043 1504 1070 καὶ
1523 1043 1564 1075 τίς
1583 1045 1599 1079 ὴ
1620 1044 1781 1080 διάμετρος,
1801 1042 1844 1071 καὶ

1057 1089 1124 1114 πότε
1136 1087 1208 1120 ἄξων
1221 1088 1329 1122 λέγεται
1343 1088 1425 1124 αὕτη,
1439 1089 1486 1115 καὶ
1496 1089 1571 1120 ὅπως
1584 1089 1652 1125 πρὸς
1666 1090 1718 1126 τὴν
1731 1091 1840 1126 σφαῖραν

1056 1135 1070 1161 ό
1091 1134 1221 1166 ζωδιακὸς
1245 1135 1331 1160 κεῖται
1353 1134 1468 1166 κύκλος,
1489 1135 1655 1170 όμόκεντρος
1673 1136 1774 1171 ταύτης
1793 1134 1840 1167 ὣν,

1058 1181 1105 1206 καὶ
1120 1179 1180 1205 ὅθεν
1195 1180 1211 1214 ή
1225 1179 1341 1206 δοκοῦσα
1354 1180 1409 1206 τῶν
1424 1180 1570 1215 πλανήτων
1583 1179 1730 1216 ἀνώμαλος
1745 1181 1841 1216 γίνεται

1057 1226 1104 1251 καὶ
1126 1226 1330 1259 παλινόρμητος
1353 1225 1470 1260 κίνησις,
1493 1226 1541 1252 καὶ
1561 1226 1656 1260 τᾶλλα,
1677 1227 1728 1254 ὅσα
1744 1226 1841 1258 τούτοις

1056 1271 1229 1305 παρέπεται,
1244 1271 1320 1298 οὐδὲν
1336 1272 1370 1298 ἂν
1386 1273 1426 1303 εἰς
1440 1272 1470 1299 τὸ
1486 1273 1535 1307 τῆς
1554 1273 1676 1305 πίστεως
1691 1273 1841 1309 λυμανεῖται

1058 1316 1220 1351 μυστήριον.
1237 1316 1266 1342 Εἰ
1281 1317 1310 1342 δέ
1325 1325 1366 1348 τις
1379 1317 1469 1344 ταῦτα
1485 1317 1562 1349 εἰδὼς
1577 1319 1790 1355 περιεργότερον
1801 1318 1841 1346 κί-

1056 1368 1156 1395 χρηται
1173 1360 1212 1395 τῷ
1230 1360 1385 1395 μαθήματι,
1404 1363 1451 1388 καὶ
1468 1363 1527 1394 ταῖς
1544 1362 1599 1389 τῶν
1615 1363 1753 1398 οὐρανίων
1769 1364 1839 1398 κινή-

1056 1414 1115 1431 σεσι
1131 1406 1387 1442 συμπεριφέρεσθαι
1403 1409 1541 1435 πιστεύων
1556 1410 1590 1436 τὰ
1605 1409 1742 1445 ἡμέτερα,
1758 1409 1839 1445 ίστησί

1054 1460 1083 1477 τε
1101 1452 1136 1478 τὰ
1155 1453 1266 1488 κέντρα,
1284 1454 1331 1479 καὶ
1347 1453 1396 1484 τὰς
1417 1454 1557 1489 ἀναφορᾶς
1573 1463 1602 1480 τε
1622 1455 1674 1482 καὶ
1692 1454 1838 1485 ἀνακλίσεις

1054 1498 1101 1524 τοῦ
1125 1498 1264 1534 ζωοφόρου
1288 1498 1388 1526 κύκλου
1414 1500 1629 1535 καταμανθάνοι,
1652 1501 1836 1532 οἰκοδεσπότας

1053 1552 1082 1570 τε
1098 1545 1145 1570 καὶ
1160 1545 1259 1576 τόπους
1273 1545 1431 1580 σχημάτων,
1446 1549 1492 1572 καὶ
1507 1546 1567 1580 ὅρια
1583 1547 1634 1573 ὅσα
1649 1548 1751 1574 τούτων
1765 1546 1836 1581 ἀμεί-

213 1586 268 1611 mul
287 1593 348 1612 cum
367 1586 429 1612 coeli
446 1586 563 1612 motibus
584 1593 677 1613 nostra
698 1594 806 1622 quoque
829 1589 999 1617 circumferri

1058 1599 1089 1616 K1)
1099 1609 1106 1623 ,
1123 1593 1170 1617 καί
1186 1591 1236 1617 ὅσα
1253 1591 1362 1626 χείρονα
1375 1611 1383 1624 ,
1398 1592 1444 1618 καί
1460 1600 1520 1618 τινα
1535 1593 1589 1618 τῶν
1604 1594 1744 1629 ἐσομένων
1757 1593 1835 1620 οῖεται

211 1629 383 1665 existimans,
400 1636 457 1655 tum
469 1634 560 1656 centra
579 1629 704 1663 collocat,
721 1635 777 1658 tum
789 1632 911 1667 signiferi
924 1634 999 1662 orbis

1058 1637 1256 1672 προγινώσκειν
1272 1638 1303 1663 ἐκ
1316 1637 1419 1664 τούτων
1434 1637 1480 1664 καὶ
1496 1639 1749 1673 προμαντεύεσθαι,
1763 1638 1798 1670 ὠς
1810 1637 1836 1670 ἐξ

212 1682 353 1707 ascensus,
367 1682 399 1701 ac
412 1674 586 1708 deiapsiones
602 1679 688 1707 notat,
705 1676 891 1713 domiciliique
904 1680 999 1714 pransi-

1058 1682 1176 1717 ἅνάγκης
1192 1682 1412 1718 συμϐησομένων
1425 1683 1468 1709 διὰ
1484 1685 1531 1718 τὴν
1546 1684 1653 1711 τοιάνδε
1667 1685 1774 1720 κίνησιν
1786 1682 1835 1710 τῶν

211 1727 269 1752 ucs,
281 1725 309 1746 et
323 1720 470 1754 ligus-arum
483 1720 558 1755 ioca,
573 1725 600 1746 et
614 1721 756 1748 stellarum
782 1724 912 1751 terminos
934 1731 1000 1752 eon-

1058 1727 1172 1761 Ξστρων,
1187 1728 1267 1754 τοῦτό
1282 1730 1355 1755 ἐστιν
1369 1729 1564 1764 ἀποτρόπαιον,
1578 1730 1625 1757 καὶ
1638 1730 1720 1758 τοῦτο
1731 1732 1765 1767 τῇ
1778 1737 1836 1756 συν-

211 1764 293 1796 titnit,
308 1772 422 1799 quicque
435 1774 466 1792 ex
485 1766 526 1793 his
537 1766 613 1797 boni,
626 1774 719 1800 qmcve
731 1768 790 1794 mali
804 1770 904 1797 ominis
929 1770 996 1803 sint,

1058 1772 1104 1807 Ξδῳ
1119 1772 1210 1804 καλῶς
1226 1773 1426 1808 ἀπηγόρευται.

211 1819 303 1843 nosse,
332 1818 416 1845 seque
431 1819 478 1846 per
503 1819 534 1839 ea
552 1820 612 1846 qua:
637 1815 732 1843 didicit
749 1819 864 1842 eventus
880 1815 998 1850 aliquos,
1016 1819 1249 1852 tanquamexillo
1263 1824 1400 1847 astrorum
1435 1824 1512 1847 tnotu
1544 1822 1703 1849 necessario
1732 1823 1834 1850 futuros

211 1858 371 1892 przcscntire
383 1865 415 1884 ac
442 1858 564 1886 divinare
593 1869 672 1895 pes-sc
698 1861 847 1889 arbitretur
863 1870 870 1888 :
886 1862 913 1889 id
943 1870 1018 1896 vero,
1036 1865 1233 1892 exsecrandum
1247 1865 1338 1893 scelus
1350 1870 1403 1897 est,
1419 1872 1451 1892 ac
1468 1873 1484 1893 a
1501 1866 1617 1902 synodo,
1629 1875 1664 1895 ne
1677 1869 1740 1904 quis
1767 1868 1833 1903 ejus-

212 1903 284 1930 mo'di
301 1904 398 1931 studiis
413 1911 500 1938 vacet,
511 1906 574 1940 jure
586 1913 689 1942 optimo
701 1909 896 1937 constitutum.

209 1961 289 1996 471
309 1961 423 1988 ARIST.
447 1970 456 1986 ι
475 1961 528 1994 Qui
550 1964 736 1992 sacerdotium
764 1967 918 2000 proﬁtetur,
943 1976 998 1994 non

1058 1968 1160 1994 ΙΚΡΙΣΤ.
1178 1977 1187 1994 t
1204 1968 1262 1994 Οὐκ
1275 1968 1351 1995 ἔσται
1369 1970 1466 2004 μάγος,
1483 1970 1498 2005 ἢ
1517 1970 1656 2003 ἐπαοιδός,
1673 1971 1690 2007 ἦ
1704 1973 1830 2007 μαθημα-

251 2018 260 2032 (
279 2009 331 2034 crit
354 2016 460 2043 magus,
478 2010 518 2036 vel
537 2010 703 2044 incantator,
722 2012 762 2039 vel
778 2014 998 2045 mathematicus.

1088 2023 1097 2039 ι
1114 2014 1189 2044 τικὶις
1201 2034 1208 2045 ,
1226 2013 1242 2048 ἢ
1257 2015 1431 2050 ἀστρολόγος,
1445 2015 1461 2051 ἤ
1481 2017 1635 2052 περιάπτης
1647 2036 1656 2050 ,
1671 2019 1687 2045 ὁ
1701 2017 1832 2054 ἱερατείαν

247 2065 255 2078 ι
276 2056 316 2080 vel
339 2056 505 2090 astrologus,
530 2056 570 2082 vel
593 2064 626 2083 ex
652 2058 685 2084 iis
705 2059 752 2092 qui
779 2060 899 2087 amuleta
919 2061 999 2088 collis

1088 2070 1097 2084 ι
1116 2059 1362 2095 ἐπαγγειλάμενος.

248 2108 256 2123 ι
275 2103 445 2133 appcndunt.
466 2110 475 2125 ν
980 2097 985 2102 ί

248 2156 276 2181 Si
308 2157 380 2183 cnim
410 2158 630 2191 deprehendatur
657 2162 791 2196 quispiam
821 2163 920 2190 malam
948 2165 998 2190 III)-

207 2201 326 2234 jusmodi
345 2207 432 2229 artem
449 2207 616 2239 consectari,
635 2206 757 2235 Ecclesia
777 2210 897 2243 ejicitur.

462 2312 577 2341 CANON
602 2314 724 2342 XXXVII

207 2376 216 2392 ι
236 2366 313 2398 Qum]
336 2376 388 2393 non
415 2375 534 2403 oportet,
551 2380 611 2406 qua:
637 2381 651 2398 a
670 2373 772 2400 ludatis
797 2374 838 2400 vel
855 2374 992 2401 haereticis

241 2422 250 2437 ι
270 2414 416 2440 mittuntur
431 2415 527 2443 fesliva
543 2419 680 2453 accipere.
700 2427 791 2452 neque
806 2427 859 2446 una
875 2428 938 2447 cutu
954 2421 994 2447 cis
1009 2408 1035 2439 D

242 2467 251 2483 ‹
267 2458 368 2486 festum
382 2468 479 2494 οδω-ο.-
492 2471 502 2486 ι

450 2507 564 2535 CANON
591 2508 737 2537 XXXVIII.

245 2560 254 2575 ι
272 2550 351 2583 Quod
372 2560 428 2580 non
452 2558 563 2589 oportet
583 2563 598 2581 a
613 2554 717 2583 Judtcis
737 2564 831 2592 azyma
854 2558 991 2593 accipere,

274 2607 282 2622 ι
302 2599 345 2625 vel
360 2606 456 2626 eorum
469 2600 656 2634 impietatibus
671 2604 886 2631 communicare.

466 2645 582 2673 CANON
603 2646 727 2675 XXXIX.

204 2698 213 2713 ι
231 2687 310 2721 Quod
323 2697 378 2717 non
393 2695 502 2725 oportet
519 2699 580 2718 cum
596 2694 724 2727 gentibus
739 2694 839 2722 festum
858 2702 950 2730 agere,
960 2698 988 2722 et

326 2746 335 2761 ι
355 2743 449 2763 eorum
469 2737 604 2772 impietati
623 2740 839 2768 communicare.
855 2750 865 2766 ι

240 2781 335 2809 BALS.
356 2781 428 2818 Lege
451 2789 609 2812 sanctorum
639 2786 825 2821 apostolorum
852 2794 984 2814 canonem

200 2827 232 2853 70
255 2831 282 2853 et
307 2828 338 2854 Ἡ
353 2847 360 2859 ,
384 2833 413 2856 et
427 2829 653 2866 Carlhaginrnsis
678 2833 774 2867 synodi
793 2840 923 2860 canonem
938 2834 982 2860 60.

234 2872 361 2900 ZONAR.
382 2873 421 2902 Ne
445 2875 532 2904 I'cstos
553 2877 612 2904 dics
633 2886 693 2905 cum
711 2878 813 2906 Iudicis
832 2878 982 2910 celebrare,

1086 2162 1117 2187 Εἰ
1132 2162 1186 2196 γαρ
1201 2163 1300 2197 εὑρεθῇ
1316 2171 1357 2194 τις
1378 2164 1433 2190 τῶν
1457 2165 1615 2199 ἱερωμένων
1630 2166 1761 2201 τοιαύτην
1773 2164 1830 2192 τινὰ

1050 2208 1228 2242 κακοτεχνίαν
1251 2209 1450 2244 μετερχόμενος
1461 2231 1468 2243 ,
1485 2211 1535 2245 τῆς
1557 2211 1725 2247 Ἐκκλησίας
1738 2210 1830 2239 ﬁatﬁa-

1050 2262 1135 2280 Αεται.
1632 2268 1637 2273 ‘

1336 2325 1455 2351 ΚΛΝΩΝ
1470 2324 1531 2353 ΛΖ’.

1050 2389 1058 2405 ι
1076 2381 1137 2405 "Ott
1154 2380 1183 2404 οὐ
1197 2379 1237 2404 δεῖ
1252 2379 1325 2413 παρᾶ
1350 2379 1404 2407 τῶν
1419 2380 1558 2407 Ἰουδαίων
1582 2383 1598 2417 ἢ
1625 2383 1773 2417 αἱρετικῶν
1795 2380 1827 2407 τὰ

1085 2435 1094 2451 ‹
1115 2425 1282 2458 πεμπόμενα
1303 2425 1468 2459 ἐορταστικὰ
1490 2427 1659 2462 λαμϐάνειν,
1688 2427 1755 2463 μηδὲ
1768 2434 1827 2454 σον-

1082 2480 1090 2495 t
1111 2470 1254 2504 εορτάζειν
1267 2471 1374 2502 αὐτοῖς.
1395 2481 1404 2496 ι

1333 2517 1454 2544 ΚΑΝΩΝ
1470 2519 1538 2545 AII'.

1044 2570 1053 2586 ι
1072 2561 1135 2587 ’Ότι
1150 2562 1180 2587 οὺ
1195 2562 1234 2587 δεῖ
1250 2563 1325 2598 παρὰ
1337 2563 1392 2589 τῶν
1400 2564 1537 2601 Ἰουδαίων
1552 2565 1647 2600 ἄζυμα
1662 2565 1820 2601 λαμϐάνειν,

1154 2614 1163 2630 ι
1182 2606 1198 2640 ἢ
1216 2608 1354 2636 κοινωνεῖν
1368 2609 1428 2638 ταῖς
1443 2609 1583 2642 ἀσεϐείαις
1594 2610 1696 2638 αὐτῶν.
1710 2620 1720 2636 ι

1327 2653 1448 2680 ΚΑΝΩΝ
1463 2654 1527 2682 ΛΘ’.

1044 2705 1054 2722 ι
1071 2695 1135 2723 ὀτι
1149 2696 1180 2723 οὐ
1201 2697 1243 2724 δεῖ
1263 2699 1319 2730 τοῖς
1335 2699 1425 2726 ἔθνεσι
1446 2702 1650 2736 συνεορτάζειν,
1671 2702 1717 2736 καὶ
1728 2706 1821 2725 κοινω-

1229 2752 1238 2768 ι
1255 2745 1311 2769 νεῖν
1327 2746 1359 2778 τῇ
1374 2745 1500 2780 ἀθεότητι
1512 2747 1615 2774 αὐτῶν.
1631 2756 1641 2769 ι

1076 2787 1178 2814 ΒΑΛΣ.
1200 2787 1370 2829 ’Δνάγνωσον
1393 2790 1447 2817 τῶν
1479 2792 1566 2824 ἁγίων
1591 2789 1746 2817 ἀποστόλων
1771 2796 1820 2815 κα-

1039 2833 1102 2859 νόνα
1115 2833 1135 2859 o’
1151 2835 1197 2859 καὶ
1210 2833 1264 2866 'oa’,
1278 2835 1324 2860 καὶ
1339 2835 1388 2869 τῆς
1399 2837 1428 2862 ὲν
1443 2836 1610 2872 Καρθαγένῃ
1625 2835 1724 2862 κανόνα
1739 2833 1769 2867 ξ’.

1074 2879 1196 2905 ΖΩΝΛΡ.
1219 2880 1249 2906 '0
1267 2881 1466 2916 ἑδδομηκοστὸς
1491 2881 1583 2908 κανὼν
1606 2883 1652 2909 καὶ
1673 2882 1686 2905 ὁ
1709 2878 1748 2908 ἰα’
1767 2878 1820 2906 τῶν
