4052 6398
456 425 588 490 l3l3

1622 434 1704 494 IN
1739 431 1904 495 CAN.
1950 430 2044 491 XL
2088 427 2300 494 CONC.
2340 433 2555 499 LAOD.

3558 402 3714 499 περιέ

452 540 624 607 ἀγίων
649 542 965 598 αποστόλων
1005 542 1205 598 κωλύει
1242 543 1451 609 πάντας
1499 545 1884 617 συνεορτάζειν
1910 545 2013 607 τοῖς

2134 563 2266 604 neve
2308 550 2471 606 xenia
2519 564 2709 606 eorum
2746 548 3109 613 celebritatis,
3152 556 3341 619 azyma
3389 547 3551 613 forte,
3598 558 3687 601 aut

464 633 759 699 Ἰουδαίοις,
792 637 825 708 ἢ
853 635 1001 703 ξένια
1042 638 1262 710 ἑορτῆς,
1292 639 1483 709 ἄζυμα
1511 639 1676 709 τυχὸν
1716 639 1749 709 ἢ
1779 638 2023 693 τοιοῦτόν
2060 662 2061 665 η

451 739 523 782 τι,
578 724 834 795 δέχεσθαι
885 732 1013 799 παρ’
1066 729 1269 793 αὐτῶν,
1321 730 1355 802 ἢ
1400 731 1582 805 ἔλαιον
1639 732 1882 796 ἀπάγειν
1937 733 2021 795 είς

454 814 623 868 ἐθνῶν
651 819 817 889 ἱερὸν,
848 820 881 891 ἢ
916 822 995 885 είς
1028 822 1666 894 συναγωγηνίουδαίων,
1700 824 1797 878 καὶ
1824 824 2021 895 λύχνον

453 907 679 962 ἅπτειν·
716 912 841 972 τοὺς
866 906 926 967 δὲ
956 915 1199 970 τοιοῦτόν
1241 933 1295 968 τι
1329 916 1642 981 ποιοῦντας,
1677 917 1979 988 κληρικοὺς
2000 956 2017 983 ,

453 999 835 1071 καθαιρεῖσθαι
867 1005 1103 1069 κελεύει,
1140 1007 1365 1068 λαῖκοὺς
1398 1008 1876 1080 δὲάφορίζεσθαι.
1922 1009 2021 1063 Ἐκ

450 1091 659 1146 τούτων
690 1095 782 1148 οὖν
813 1097 921 1151 τῶν
949 1100 1191 1154 κανόνων
1225 1101 1323 1154 καὶ
1359 1103 1408 1155 οί
1433 1103 1536 1173 τῆς
1564 1102 1783 1157 συνόδου
1813 1101 2021 1173 ταύτης

451 1184 768 1255 ὁρμώμενοι
822 1190 948 1255 τοὺς
1008 1192 1287 1263 παρόντας
1354 1195 1585 1259 κανόνας
1648 1194 2018 1263 ἐξεφώνησαν.

450 1278 612 1346 Ζήτει
637 1283 731 1333 καὶ
759 1282 859 1355 τῆς
889 1284 946 1336 ἐν
971 1286 1304 1358 Καρθαγένῃ
1338 1288 1560 1341 συνόδου
1596 1289 1796 1341 κανόνα
1822 1280 1887 1354 ξυμ

449 1545 675 1603 ΑΡΙΣΤ.
707 1569 724 1601 ι
757 1552 832 1607 Οὐ
867 1555 1254 1625 συνεορτάσεις
1289 1556 1590 1628 Ἑϐραίοις,
1623 1558 1655 1627 ἢ
1693 1558 2017 1629 αίρετικοῖς.

528 1656 549 1690 σ
589 1641 721 1695 Οὐδὲ
787 1642 913 1717 δέξῃ
976 1647 1044 1700 τὰ
1109 1646 1421 1719 καλούμενα
1480 1649 1610 1722 παρ’
1666 1650 1846 1702 αὐτῶν
1901 1650 2019 1720 sop-

526 1752 545 1783 ι
583 1738 836 1793 ταστικά.
874 1760 892 1790 ι

2125 641 2247 711 ejus
2275 642 2498 711 generis
2535 641 2815 712 quidpiam
2846 642 2911 695 ab
2941 644 3024 697 eis
3073 641 3345 710 accipere,
3375 650 3469 693 aut
3504 639 3685 694 oleum

2126 737 2182 789 in
2214 735 2419 804 templa
2450 733 2774 799 Gentilium,
2804 731 3189 788 Judaeorumve
3234 744 3567 802 synagogam
3601 729 3680 781 in-

2124 828 2317 898 ferre,
2366 829 2699 901 lychnumve
2761 826 3063 881 accendere
3113 826 3311 889 liceat,
3371 832 3688 878 sanctorum

2122 920 2494 997 apostolorpm
2539 917 2843 973 canonibus
2874 917 2945 971 70
2981 925 3035 971 et
3063 916 3123 969 71
3172 916 3529 970 constitutum
3564 924 3691 978 est;

2122 1013 2330 1083 quique
2370 1010 2576 1081 aliquid
2603 1010 2871 1079 ejusmodi
2908 1008 3304 1070 commiserint,
3347 1006 3696 1074 depositione

2122 1105 2375 1170 clericos,
2417 1104 2588 1159 laicos
2625 1118 2755 1157 vero
2796 1100 3176 1171 segregatione
3223 1098 3444 1153 multari
3473 1097 3687 1167 iubent.

2122 1199 2219 1254 llla
2278 1199 2449 1267 igitur
2498 1195 2804 1265 apostolica
2855 1195 3075 1249 decreta
3134 1193 3513 1262 respicientes,
3568 1206 3691 1262 qua:

2123 1290 2318 1344 horum
2358 1304 2631 1343 canonum
2675 1286 3162 1343 constitutionibus
3194 1287 3546 1340 continentur
3595 1298 3690 1354 sy-

2121 1387 2252 1442 nodi
2282 1396 2537 1441 auctores
2568 1384 3004 1454 promulgavere.
3032 1380 3169 1437 Vide
3197 1382 3361 1437 etiam
3402 1381 3690 1451 Carthagi-

2123 1482 2310 1536 nensis
2332 1478 2525 1551 synodi
2552 1492 2817 1532 canouem
2845 1475 2934 1531 60.
3576 1519 3616 1555 ο

2120 1573 2357 1629 ARIST.
2409 1591 2429 1626 ι
2466 1571 2622 1628 Festa
2677 1586 2801 1626 cum
2856 1568 3121 1633 Hebraeis,
3165 1576 3220 1623 et
3253 1567 3530 1623 haareticis
3582 1581 3687 1620 non

2184 1685 2204 1718 ι
2234 1665 2562 1721 celebrabis.
2592 1663 2932 1719 Nec't‘estiva
2962 1662 3031 1718 ab
3050 1663 3119 1717 iis
3144 1662 3289 1720 dicta
3317 1660 3579 1731 accipies.
3601 1679 3621 1713 ι

522 1826 768 1898 Οὐδεμία
799 1831 1060 1885 κοινωνία
1106 1836 1246 1902 φωτὶ
1295 1835 1432 1905 πρὸς
1474 1839 1687 1897 σκότος.
1716 1836 1816 1889 Διὰ
1858 1834 2013 1889 τοῦτο

2200 1848 2357 1904 Nulla
2391 1845 2820 1924 estcommuuio
2858 1843 2997 1899 lucis
3022 1833 3163 1899 cum
3184 1843 3447 1898 tenebris.
3479 1840 3694 1898 Idcirco

450 1917 583 1983 γοῦν
609 1920 749 1974 οὐδὲ
767 1925 879 1985 τοῖς
903 1924 1202 1995 αἱρετικοῖς
1231 1925 1263 1996 ἤ
1301 1928 1415 1989 τοῖς
1449 1926 1725 1988 Ἰουδαίοις
1754 1928 2020 1996 Χριστια-

449 2009 541 2072 νὸς
584 2016 958 2083 συνεορτάσει,
997 2016 1117 2069 οὐδὲ
1149 2018 1215 2071 τὰ
1242 2020 1302 2070 ἐν
1324 2021 1445 2081 ταῖς
1477 2020 1694 2087 ἑορταῖς
1725 2019 1905 2073 αὐτῶν
1930 2037 2022 2072 τε-

447 2103 711 2175 λούμενα,
738 2102 849 2161 οἷον
881 2109 1068 2179 ἄζυμα
1102 2111 1135 2180 ἦ
1169 2129 1221 2164 τι
1252 2111 1520 2179 τοιοῦτον,
1542 2112 1896 2184 ὑποδέξηται.

1042 2203 1285 2256 ΚΑΝΩΝ
1331 2201 1422 2258 M'.

454 2306 475 2340 ι
516 2288 642 2343 Ὅτι
686 2291 747 2344 ού
789 2291 872 2344 δεῖ
899 2293 1236 2357 ἐπισκόπους
1279 2295 1653 2365 καλουμένους
1686 2297 1767 2361 είς
1805 2296 2023 2352 σύνοδον

524 2402 542 2432 ι
583 2387 946 2451 καταφρονεῖν
967 2427 982 2451 ,
1026 2386 1144 2440 ἀλλ’
1180 2388 1399 2442 ἀπιέναι
1433 2391 1528 2444 καὶ
1558 2391 1835 2446 διδάσκειν
1876 2392 1909 2462 ἢ
1940 2392 2024 2445 δι-

525 2494 544 2525 ι
580 2477 905 2541 δάσκεσθαι,
937 2481 1018 2543 είς
1047 2480 1389 2550 κατόρθωσιν
1419 2484 1523 2551 τῆς
1562 2484 1890 2555 Ἐκκλησίας
1926 2485 2023 2540 καὶ

524 2585 541 2615 ι
583 2568 692 2621 τῶν
720 2568 947 2625 λοιπῶν.
981 2573 1044 2625 Et
1071 2573 1129 2626 δὲ
1161 2576 1639 2645 καταφρονήσειεν
1690 2579 1718 2631 ό
1748 2578 2016 2643 τοιοῦτος,

520 2679 541 2710 ι
582 2662 775 2715 ἐαυτὸν
810 2665 1158 2720 αἰτιάσεται·
1191 2671 1465 2735 παρεκτὸς
1503 2670 1554 2722 εί
1587 2670 1664 2741 μὴ
1691 2670 1760 2724 δι’
1798 2673 2023 2743 ἀνωμα-

524 2773 541 2802 ι
581 2753 704 2807 λίαν
727 2755 1191 2825 ἀπολιμπάνοιτο.
1233 2777 1254 2810 ι

520 2845 717 2900 ΒΑΛΣ.
775 2849 911 2916 Περὶ
957 2849 1068 2902 τῶν
1097 2850 1336 2918 ἐτησίων
1381 2853 1641 2919 συνόδων,
1674 2836 1822 2919 ὅπως
1870 2856 2024 2924 όφεί-

444 2935 599 2989 λουσι
654 2938 927 3005 γίνεσθαι,
974 2943 1253 3008 ἀνάγνωθι
1309 2945 1420 2995 τῶν
1464 2945 1640 3012 ἁγίων
1698 2948 2020 3001 ἀποστόλων

447 3028 649 3081 κανόνα
677 3028 777 3094 λζ’,
813 3031 1039 3084 συνόδου
1068 3033 1308 3096 Νικαίας
1338 3035 1537 3088 κανόνα
1560 3034 1623 3100 ε’,
1658 3038 1760 3107 τῆς
1790 3040 1849 3091 ἐν
1889 3039 2014 3093 ’Λν-

444 3122 655 3191 τιοχείᾳ
681 3119 752 3185 κ’,
782 3123 880 3190 τῆς
910 3123 967 3174 ἐν
1002 3123 1307 3193 Χαλκηδόνι
1339 3127 1425 3191 ιϐ’,
1451 3128 1551 3196 τῆς
1576 3130 1635 3182 ἐν
1680 3131 2014 3206 Καρθαγένῃ

2127 1960 2228 1999 nec
2257 1957 2380 1997 cum
2426 1939 2728 2003 haereticis,
2778 1953 2882 1992 nec
2910 1952 3037 1992 cum
3082 1934 3286 1989 Judaeis
3322 1933 3522 1989 festum
3549 1936 3696 1989 cele-

2126 2036 2308 2092 brabit
2332 2033 2701 2095 Cliristianus,
2735 2046 2845 2085 nee-
2870 2044 2992 2097 quae
3020 2029 3074 2082 in
3111 2026 3270 2081 festis
3303 2041 3495 2080 eorum
3532 2041 3692 2081 aera-

2124 2136 2351 2201 guntur,
2381 2135 2442 2182 ut
2471 2140 2684 2196 azyma,
2728 2132 2824 2178 aut
2854 2122 3196 2193 aliquid’tale
3227 2120 3478 2189 accipiet.

2712 2215 2943 2272 CANON
2986 2214 3101 2271 XL.

2130 2330 2151 2365 ι
2183 2309 2341 2377 Quod
2385 2323 2496 2365 non
2522 2316 2740 2379 oportet
2775 2308 3085 2377 episcopos,
3127 2304 3196 2360 ad
3223 2303 3491 2375 synodum
3524 2317 3691 2357 voca-

2210 2423 2229 2457 ι
2266 2414 2375 2468 tos,
2404 2402 2711 2478 negligere;
2742 2400 2835 2455 sed
2860 2399 3038 2462 abire,
3065 2407 3120 2452 et
3141 2397 3340 2453 docere
3370 2396 3452 2450 vel
3481 2396 3688 2459 doceri,

2206 2513 2226 2549 ι
2261 2494 2329 2549 ad
2382 2492 2785 2549 correctionem
2820 2491 3078 2546 Ecclesiae
3133 2498 3188 2544 et
3232 2489 3587 2557 reliquorum.
3631 2484 3687 2540 Si

2211 2608 2231 2640 ι
2270 2588 2397 2657 quis
2433 2594 2616 2641 autem
2648 2584 2972 2655 neglexerit,
3002 2583 3052 2637 is
3095 2583 3335 2651 seipsum
3373 2577 3689 2641 accusabit;

2207 2696 2227 2729 c
2260 2686 2620 2746 prmterquam
2652 2674 2696 2728 si
2728 2681 2953 2743 propter
2986 2670 3360 2739 intemperiem
3387 2676 3442 2723 et
3469 2667 3691 2737 :egritn-

2208 2788 2227 2822 ι
2264 2770 2445 2825 dinem
2478 2783 2588 2822 non
2622 2767 2823 2821 veniat.
2860 2786 2879 2818 ι

2200 2859 2394 2915 BALS.
2442 2861 2518 2915 De
2571 2859 2770 2914 annuis
2810 2856 3065 2929 synodis,
3123 2854 3400 2924 quomodo
3460 2852 3694 2909 debeant

2125 2952 2266 3015 fieri,
2321 2952 2438 3021 lege
2491 2959 2808 3003 sanctorum
2860 2945 3239 3017 apostolorum
3286 2959 3551 2999 canonem
3600 2942 3691 3005 57,

2120 3041 2563 3113 synodiNicaanae
2593 3055 2858 3103 canonem
2875 3040 2930 3104 5.
2953 3039 3311 3094 Antiochenae
3343 3035 3435 3097 20,
3465 3035 3694 3089 Chalce-

2121 3134 2383 3190 donensis
2415 3134 2503 3194 l9,
2541 3133 2994 3203 Carthaginensis
3017 3132 3109 3199 l7,
3144 3131 3231 3195 73,
3260 3130 3349 3191 76.
3377 3128 3468 3193 95,
3498 3128 3690 3197 synodi

451 3211 541 3276 ιζ’,
593 3219 695 3280 ογ’,
728 3221 837 3278 οςδ,
863 3214 964 3282 ιμ’,
1012 3217 1112 3286 τῆς
1157 3219 1215 3271 ἐν
1256 3219 1341 3287 τῷ.
1381 3220 1642 3292 Τρούλλῳ
1688 3229 1759 3293 η’,
1807 3226 1908 3294 τῆς
1951 3227 2011 3279 ἐν

2126 3228 2181 3283 in
2228 3227 2417 3281 'l‘rullo
2457 3226 2511 3294 8,
2544 3226 2779 3282 Nicmnae
2821 3225 3076 3281 secundae
3117 3223 3173 3279 6.
3206 3225 3454 3279 Prmsens
3475 3235 3694 3292 quoque

446 3309 654 3378 Νικαίᾳ
694 3310 754 3362 τὸ
797 3311 1053 3383 δεύτερον
1099 3312 1173 3379 ς’.
1227 3315 1338 3369 Καὶ
1383 3317 1412 3369 ό
1456 3314 1651 3386 παρὼν
1699 3315 1758 3370 δὲ
1808 3317 2012 3384 κανὼν,

448 3402 762 3455 κατακαλου
774 3403 972 3473 μένους
1001 3408 1081 3469 είς
1115 3406 1217 3477 τὴν
1250 3408 1474 3462 σύνοδον
1507 3409 1634 3471 τοὺς
1661 3409 2021 3477 ἐπισκόπους,

443 3484 739 3558 διορίζεται
770 3492 844 3564 μὴ
872 3498 1262 3565 καταφρονεῖν,
1294 3497 1410 3552 ἀλλ’
1437 3500 1660 3554 ἀπιέναι
1694 3499 2016 3570 ὲξάπαντος,

442 3577 530 3646 ἐφ’
588 3575 632 3648 ᾧ
686 3584 815 3646 τοὺς
867 3587 968 3654 μὲν
1018 3590 1365 3658 σοφωτέρους
1422 3590 1719 3655 διδάσκειν,
1779 3596 1906 3654 τοὺς
1963 3596 2019 3649 δὲ

443 3672 854 3743 ἁπλουστέρους
882 3680 1180 3745 μανθάνειν
1210 3682 1278 3733 τὰ
1312 3683 1642 3751 στηρίζοντα
1660 3686 2015 3753 Ἐκκλησίαν,

439 3763 613 3832 ἤγουν
642 3767 736 3817 τὴν
766 3767 897 3820 λαὸν
920 3770 1016 3821 τοῦ
1047 3772 1205 3832 Θεοῦ,
1229 3776 1324 3827 καὶ
1348 3775 1657 3843 μετάγοντα
1682 3777 1822 3845 πρὸς
1854 3778 2016 3844 ὀρθο-

439 3856 623 3921 δοξίαν
668 3861 799 3922 τοὺς
839 3863 1099 3927 λοιποὺς,
1155 3866 1324 3935 ἤγουν
1373 3869 1501 3929 τοὺς
1545 3868 1829 3930 ἀπίστους.
1875 3868 2016 3933 Τοὺς

443 3953 626 4019 μέντοι
683 3956 1177 4022 καταφρονητικῶς
1240 3958 1376 4027 πρὸς
1421 3958 1581 4013 τοῦτο
1634 3961 2016 4030 διακειμένους

439 4045 576 4112 φησὶ
608 4045 682 4114 μὴ
713 4046 1028 4113 γογγύζειν,
1087 4050 1182 4101 ἐὰν
1227 4052 1368 4104 κατά
1422 4052 1521 4120 τὴν
1562 4054 1861 4125 περίληψιν
1904 4057 2015 4112 τῶν

438 4132 641 4202 ἑτέρων
692 4137 935 4188 κανόνων
980 4137 1413 4210 ἑπιτιμηθῶσινο
1459 4141 1577 4195 ἀλλ’
1638 4144 2013 4202 αἰτιάσθωσαν

437 4223 689 4286 ἑαυτοὺς,
722 4228 805 4278 ὅτι
834 4230 1275 4298 κατεφρόνησαν.
1317 4231 1666 4302 ’Λνωμαλίαν
1704 4235 1761 4287 δὲ
1789 4238 2012 4306 νοητέον

437 4316 500 4368 οὐ
539 4317 703 4383 μόνον
729 4318 828 4388 τὴν
854 4320 1177 4390 σωματικὴν
1218 4322 1396 4387 νόσον,
1428 4326 1564 4379 ἀλλά
1606 4327 1701 4382 καὶ
1740 4330 1839 4397 τὴν
1872 4347 2010 4400 πρα-

439 4410 717 4480 γματικὴν
749 4411 1032 4480 ἀσχολίαν.
1089 4413 1153 4467 Εἰ
1179 4414 1291 4485 γάρ
1344 4415 1433 4469 διά
1482 4434 1538 4470 τι
1583 4419 1883 4486 ἀναγκαῖον
1916 4422 2007 4476 καὶ

437 4500 660 4568 εὔλογον
703 4504 732 4555 ό
775 4502 1076 4568 ἐπίσκοπος
1121 4507 1451 4579 ἐμποδισθῇ,
1497 4511 2001 4581 συγγνωσθήσεται.

436 4596 544 4650 Τοῦ
568 4597 623 4649 δὲ
656 4599 883 4662 κανόνος
928 4599 1304 4670 διοριζομένου
1365 4602 1439 4673 μὴ
1479 4607 1841 4676 καταφρονεῖν
1875 4607 2001 4671 τοὺς

441 4689 951 4759 μετακαλουμένους
995 4693 1329 4758 ἐπισκόπους
1357 4696 1438 4757 είς
1463 4693 1708 4762 σύνοδον,
1762 4699 1882 4751 είπὲ
1916 4700 2010 4753 καὶ

438 4783 502 4834 σὺ
562 4782 801 4849 ὀφείλειν
856 4783 915 4847 ἐξ
972 4784 1223 4855 ἀνάγκης
1275 4787 1702 4856 μετακαλεῖσθαι
1760 4791 2007 4855 τούτους.

433 4872 620 4942 Χωρὶς
678 4872 788 4942 γάρ
834 4875 1222 4944 μετακλήσεως
1284 4877 1380 4931 τοῦ
1416 4880 1850 4948 ,μητροπολίτου
1905 4886 2008 4938 οὐκ

429 4962 708 5029 ὀφείλουσι
736 4964 1094 5035 συνέρχεσθαι
1132 4967 1273 5021 κατά
1303 4968 1397 5021 τὸν
1432 4976 1480 5023 κ’
1513 4988 1642 5025 καν.
1673 4973 1774 5043 τῆς
1795 4976 1855 5027 ἐν
1892 4975 2005 5030 Ἀν-

431 5055 645 5125 τιοχείᾳ
681 5057 904 5109 συνόδου
938 5057 1033 5110 καὶ
1062 5057 1153 5110 τὸν
1184 5060 1454 5130 παρόντα.
1481 5060 1553 5115 Τὸ
1579 5063 1636 5115 δὲ
1662 5064 1938 5119 διδάσκειν
1969 5066 2004 5137 ἢ

428 5145 780 5200 διδάσκεσθαι
815 5148 1143 5219 πρόσκειται
1202 5150 1294 5203 διὰ
1336 5154 1465 5216 τοὺς
1516 5152 1775 5222 λέγοντας
1807 5158 2002 5227 ἀρκεῖν

429 5238 628 5299 αὐτοὺς
655 5240 871 5303 ἑαυτοῖς
910 5242 992 5304 είς
1026 5241 1227 5303 παντὸς
1261 5244 1720 5314 ἐκκλησιαστικοῦ
1753 5247 2003 5318 ζητήμαὲ

429 5343 531 5389 τος·
552 5327 908 5385 διευλύτωσιν
929 5350 945 5365 ο
975 5337 1067 5385 καὶ
1101 5333 1175 5402 μὴ
1208 5333 1448 5401 ὀφείλειν
1490 5338 1887 5406 παρουσιάζειν
1918 5342 2000 5404 είς

429 5414 526 5486 τὴν
551 5417 784 5473 σύνοδον.
817 5422 939 5474 Κᾶν
972 5423 1081 5491 γὰρ
1137 5421 1469 5491 ἀμφιϐολίαν
1497 5423 1619 5476 τινὰ
1643 5425 1671 5475 δ
1698 5425 1998 5490 ἐπίσκοπος

427 5507 529 5559 οὐκ
563 5508 667 5580 ἔχῃ,
711 5512 799 5573 είς
837 5513 937 5583 τὴν
989 5512 1111 5566 κατ’
1138 5514 1302 5566 αὐτὸν
1340 5514 1692 5585 Ἐκκλησίαν,
1755 5518 1850 5569 καὶ
1879 5520 1999 5572 οὐδὲ

2124 3339 2324 3387 canon,
2366 3322 2677 3391 episcopos.
2730 3320 2824 3389 qui
2867 3320 2935 3373 ad
2994 3318 3264 3389 synodum
3305 3324 3691 3381 accersuntur,

2122 3414 2373 3471 decernit
2411 3428 2533 3468 non
2566 3420 2826 3481 oportere
2865 3411 3164 3480 negligere,
3217 3410 3311 3464 sed
3343 3406 3568 3462 omnino
3599 3422 3694 3461 ac-

2122 3509 2340 3566 cedere.
2371 3514 2428 3559 ut
2466 3504 2744 3573 sapientes
2773 3503 2994 3573 quidem
3030 3494 3288 3563 doceant,
3334 3499 3694 3568 simpliciores

2120 3613 2255 3653 vero
2295 3598 2515 3651 discant
2566 3612 2653 3660 ea,
2682 3612 2803 3663 quae
2840 3596 3172 3649 conﬁrmant
3215 3593 3543 3655 Ecclesiam,
3574 3592 3691 3645 sive

2122 3692 2378 3761 populum
2420 3689 2534 3752 Dei,
2571 3697 2625 3742 et
2682 3689 2921 3757 reliquos
2968 3686 3182 3740 scilicet
3220 3683 3475 3737 inﬁdeles
3507 3680 3574 3734 ad
3603 3696 3687 3733 re-

2119 3792 2265 3835 ctam
2320 3780 2541 3836 deiide
2586 3781 2917 3834 sententiam
2972 3778 3283 3831 traducant.
3340 3774 3450 3828 Eos
3505 3779 3687 3827 autem

2117 3874 2211 3943 qui
2240 3874 2307 3928 ad
2345 3874 2451 3927 hoc
2483 3889 2544 3929 se
2581 3872 2917 3942 negligenter
2945 3870 3237 3940 gesserint,
3273 3865 3409 3921 dicit
3444 3879 3691 3919 murmu-

2119 3982 2244 4025 rare
2279 3983 2386 4021 non
2430 3976 2710 4035 oportere,
2747 3965 2792 4019 si
2827 3971 2886 4017 ut
2915 3963 3040 4018 aliis
3084 3961 3394 4018 canonibus
3442 3974 3693 4026 compre-

2118 4058 2398 4122 benditur,
2446 4059 2752 4128 puniantur
2786 4056 2926 4112 :sed
2954 4056 3168 4126 seipsos
3214 4058 3497 4114 accusent,
3540 4051 3691 4119 quod

2116 4154 2497 4221 neglexerunt.
2560 4150 2664 4204 Per
2731 4149 3114 4218 intemperiem
3178 4161 3308 4201 vero
3384 4144 3688 4212 intelligere

2112 4254 2349 4314 oportet,
2383 4260 2492 4297 non
2553 4244 2727 4297 solum
2783 4242 3031 4296 morbum
3082 4239 3448 4307 corporalem,
3488 4235 3583 4290 sed
3626 4242 3682 4288 et

2114 4336 2459 4406 negotiorum
2508 4334 2751 4388 turbam.
2797 4332 2852 4387 Si
2889 4334 3035 4387 enim
3066 4339 3292 4401 propter
3343 4327 3549 4398 aliquid
3592 4343 3689 4381 ne-

2112 4427 2416 4483 cessarium
2460 4437 2517 4481 et
2561 4426 2773 4496 justum
2821 4425 3118 4494 episcopus
3156 4422 3321 4477 fuerit
3363 4419 3684 4490 impeditus,

2111 4522 2159 4577 ei
2190 4522 2346 4575 venia
2387 4520 2627 4575 dabitur.
2669 4519 2802 4574 Cum
2832 4526 3013 4572 autem
3041 4517 3287 4571 decernit
3335 4529 3535 4577 canon,
3570 4513 3687 4578 epi-

2111 4628 2309 4682 scopos
2375 4612 2443 4667 ad
2513 4611 2807 4665 concilium
2869 4609 3171 4664 accersitos
3235 4607 3510 4676 negligere
3576 4620 3682 4658 non

2109 4708 2406 4774 oportere;
2444 4703 2530 4758 dic
2572 4719 2669 4757 eos
2713 4702 2877 4756 etiam
2924 4699 3151 4753 omnino
3212 4698 3419 4752 accersi
3462 4696 3682 4750 debere.

2110 4797 2334 4865 Absque
2368 4796 2515 4851 enim
2563 4795 2884 4848 evocatione
2915 4791 3078 4863 472
3113 4788 3517 4858 metropolitani
3576 4801 3681 4839 non

2108 4892 2310 4947 debent
2336 4888 2657 4950 convenire,
2691 4894 2749 4938 ut
2789 4886 2908 4939 vult
2941 4899 3115 4938 canon
3149 4881 3219 4935 20
3253 4879 3447 4952 synodi
3492 4879 3685 4931 Antio-

2107 4986 2298 5040 cliena:
2340 4992 2396 5037 et
2439 4982 2531 5035 hic
2576 4993 2818 5049 praesens
2860 4990 3063 5031 canon.
3114 4973 3322 5028 Docere
3368 4981 3549 5026 autem
3598 4972 3680 5019 vel

2106 5076 2291 5131 doceri
2324 5073 2603 5143 adjicitur,
2648 5078 2871 5140 pr0pter
2900 5083 2997 5124 eos
3041 5067 3133 5136 qui
3174 5065 3432 5119 dicebant
3469 5064 3682 5130 seipsos

2106 5170 2213 5224 sibi
2265 5167 2516 5223 sufﬁcere
2563 5165 2630 5219 ad
2682 5162 2862 5217 omnis
2914 5158 3307 5216 ecclesiasticas
3360 5156 3681 5225 quaestionis

2105 5261 2527 5316 dissolutionem
2555 5274 2571 5323 ;
2597 5266 2653 5311 et
2685 5269 2793 5309 non
2829 5254 3029 5308 debere
3060 5251 3256 5307 adesse
3286 5249 3351 5303 ad
3382 5244 3677 5318 synodum.

2105 5352 2220 5407 Etsi
2256 5352 2401 5407 enim
2440 5350 2729 5418 episcOpus
2775 5347 2955 5401 nullas
2993 5345 3047 5398 in
3090 5359 3190 5398 sua
3224 5341 3467 5395 Ecclesia
3510 5338 3679 5394 dubi-

2104 5442 2343 5495 tationes
2379 5438 2597 5495 habeat.
2626 5445 2682 5491 et
2716 5451 2816 5489 nec
2846 5432 3097 5488 doctrina
3136 5438 3329 5499 egeat;
3366 5424 3461 5482 sed
3491 5433 3677 5478 tamen

2106 5544 2163 5586 ut
2194 5532 2425 5586 aliorum
2462 5528 2795 5600 quaestiones
2824 5525 3111 5588 dissolvat,
3152 5532 3204 5575 et
3237 5521 3516 5575 decretum
3559 5532 3679 5570 ma-

427 5595 779 5665 διδασκαλίας
813 5602 1023 5672 δέηται,
1057 5604 1174 5656 ἀλλ’
1211 5607 1361 5672 ὅμως
1389 5604 1478 5657 διὰ
1505 5606 1567 5657 τὸ
1595 5607 1799 5679 ἐτέρων
1830 5607 1999 5681 ζητή-

2117 5624 2185 5695 ;is
2215 5623 2522 5687 confirmet,
2554 5620 2715 5677 debet
2740 5609 3067 5673 necessario
3090 5629 3332 5685 praesens
3354 5627 3498 5667 esse.

430 5706 576 5759 ματα
622 5690 805 5756 λῦσαι,
865 5697 961 5748 καὶ
1010 5698 1104 5752 ἐπὶ
1165 5699 1327 5753 πλέον
1380 5704 1635 5775 στηρίξαι
1686 5707 1748 5761 τὸ
1796 5696 1994 5779 δόγμα,

423 5781 633 5852 ὀφείλει
665 5783 725 5850 ἐξ
748 5784 996 5856 ἀνάγκης
1021 5792 1440 5860 παρουσιάζειν.

498 5875 743 5933 ΖΩΝΛΡ.
810 5877 872 5933 El
924 5879 1017 5932 ml
1069 5880 1164 5936 νῦν
1210 5884 1271 5936 τὸ
1317 5885 1425 5938 τῶν
1468 5888 1699 5959 ἐτησίων
1756 5892 1991 5947 συνόδωθ

2175 5893 2425 5951 ZONAR.
2470 5893 2733 5959 Quamvis
2764 5892 2870 5949 lioc
2895 5902 3141 5962 tempore
3172 5896 3453 5944 decretum
3485 5886 3550 5941 de
3582 5899 3681 5938 an-
