4052 6402
459 368 474 426 1
486 369 588 430 397

1540 376 1618 435 ιΝ
1656 379 1817 443 CAN.
1866 378 2055 438 XLIII
2097 380 2307 442 CONC.
2350 381 2543 452 LAOD

3550 375 3685 440 1398

452 480 698 548 δημοσίῳ
719 496 733 509 ·
763 480 1103 549 βεϐαιούσθω
1132 483 1188 536 δὲ
1226 484 1320 538 καὶ
1346 485 1776 555 ἐκκλησιαστικὰ
1801 488 2019 541 ἅπαντα

2127 502 2299 545 autem
2333 492 2515 544 omnia
2554 490 2930 545 ecclesiastica
2969 490 3283 559 privilegia;
3324 505 3425 544 nec
3457 490 3717 543 omnino.

452 576 752 643 :povdpta'
790 576 883 627 καὶ
913 576 987 644 μὴ
1010 576 1315 645 νομιζέσθω
1343 578 1480 638 ὅλως
1505 581 1764 648 κληρικδς
1787 580 1818 650 ἢ
1851 598 2015 649 μονα·

453 666 544 734 χὸς
569 668 596 717 ὁ
624 665 905 719 συλλαϐὼν
932 667 1063 721 ἄνευ
1111 668 1208 722 τοῦ
1247 671 1450 723 οἰκείου
1482 674 1811 749 ἐπισκόπου,
1843 673 1902 725 τὸ
1926 691 2017 727 κο·-

456 758 680 825 μιτᾶτον
724 758 1084 829 κατειληφώς.
1129 760 1404 824 Ὡσαύτως
1429 762 1709 829 ἀνάγνωθι
1737 763 1831 817 καὶ
1863 763 2009 831 θέμα

451 849 762 903 τελευταῖον
814 849 909 903 τοῦ
950 857 990 903 ε’
1023 869 1145 920 κεφ.
1178 853 1274 905 τοῦ
1310 852 1393 923 κβ⁹
1423 854 1604 915 τίτλον
1646 854 1739 908 τοῦ
1789 854 1843 919 ς’
1872 855 2015 926 βιὸλ.

452 937 561 990 τῶν
590 938 921 1006 Βασιλικῶν,
956 941 1094 1011 ὅπερ
1130 943 1246 995 ἐστὶ
1280 944 1446 1013 μέρος
1471 944 1567 1010 τῆς
1604 952 1658 1009 ς’
1701 946 2020 1000 ’ῐουστινιασ

453 1030 595 1081 νείου
641 1032 869 1100 νεαρᾶς,
912 1033 1007 1085 καὶ
1039 1032 1182 1085 οὖςω
1225 1033 1427 1102 φησίν
1482 1033 1623 1088 Οὔτε
1653 1035 1710 1088 δὲ
1748 1038 2015 1106 μοναχὸν,

450 1120 599 1185 οὔτε,
630 1123 889 1192 κληρικὸν
922 1122 1047 1177 οὔτε
1078 1125 1380 1182 ἐπίσκοπον
1424 1125 1717 1194 κελεύομεν
1762 1125 2022 1197 ἔρχεσθαι

451 1215 686 1268 ἐνταῦθα
747 1216 878 1269 ἄνευ
935 1219 1281 1287 γραμμάτων
1346 1217 1440 1270 τοῦ
1492 1217 1794 1271 ὀσιωτάτου
1838 1218 2022 1271 αὐτῶν

452 1308 795 1377 πατριάρχου
820 1326 834 1339 ·
867 1309 900 1380 ἦ
934 1311 1228 1364 είδέτωσαν
1256 1311 1333 1373 ὡς
1367 1309 1620 1373 ἀναξίους
1670 1311 1901 1372 ἑαυτοὺς
1925 1309 2022 1363 τοῦ

452 1401 550 1466 σλή
563 1417 732 1467 ματος
759 1403 1071 1472 ποιήσουσι.

1035 1497 1079 1548 Κ
1091 1494 1275 1547 ΛΝΩΝ
1306 1495 1440 1548 MB'.

455 1601 473 1632 ε
505 1589 629 1639 Ὀτι
673 1586 735 1637 οὐ
768 1586 850 1638 δεῖ
880 1587 1191 1650 ἱερατικοὺς
1224 1587 1256 1655 ἢ
1292 1588 1589 1656 κληρικοὺς
1640 1587 1771 1641 ἄνευ
1805 1602 2024 1638 κανονι-

806 1694 824 1725 ι
856 1676 969 1727 κῶν
1002 1677 1348 1746 γραμμάτων
1377 1677 1605 1729 ὁδεύειν.
1648 1696 1667 1727 ι

520 1768 715 1820 ΒᾹΛΣ.
744 1770 855 1822 Καὶ
884 1769 1061 1838 ἕτεροι
1087 1770 1314 1832 κανόνες
1342 1769 1676 1838 διορίζονται
1708 1771 1783 1840 μὴ
1818 1770 2025 1835 ἀποδη-

2118 582 2350 637 clericus
2392 582 2474 636 vel
2516 581 2823 636 monachus
2854 582 3223 644 exiStimctur,
3270 582 3363 651 qui
3399 581 3518 637 sine
3555 596 3683 649 pro-

2119 674 2240 743 prio
2268 675 2525 746 episcopo
2576 674 2898 729 comitatum
2947 673 3180 741 accepit.
3229 672 3371 741 Lege
3426 671 3711 726 similiter

2117 776 2173 825 et
2228 767 2481 821 ultimum
2545 781 2873 836 responsum
2930 765 3107 836 quinti
3163 765 3358 834 capitis
3414 765 3553 819 tituli
3616 762 3705 816 νε

2118 857 2212 912 lib.
2264 874 2312 911 Vl
2364 856 2722 913 Basilicarum
2778 856 2925 926 quod
2961 856 3177 927 quidem
3221 865 3305 910 est
3359 870 3490 925 pars
3532 865 3703 907 sexta:

2116 946 2414 1003 Justiniani
2464 949 2711 1013 novellae,
2745 959 2800 1003 et
2839 950 2918 1003 sic
2964 947 3141 1003 dicit:
3187 945 3298 1001 Nec
3328 947 3684 1008 monachum,

2112 1056 2222 1096 nec
2257 1040 2541 1107 clericum,
2578 1055 2677 1095 nec
2707 1040 3021 1111 episcopum
3056 1039 3163 1094 huc
3194 1040 3381 1093 venire
3404 1038 3705 1107 jubennw,

2121 1132 2241 1189 sine
2300 1132 2495 1189 litteris
2541 1131 2874 1188 sanetissimi
2929 1146 3119 1186 eormn
3175 1129 3506 1200 patriarchae
3557 1131 3687 1185 :vel

2124 1226 2324 1289 sciant,
2354 1226 2498 1296 quod
2532 1226 2744 1295 seipsos
2777 1224 2967 1281 habitu
2999 1224 3256 1291 indignos
3295 1223 3542 1280 reddent.

2591 1489 2753 1562 473
2785 1487 3015 1545 CANON
3056 1486 3217 1543 XLII.

2130 1599 2149 1632 ι
2187 1580 2342 1647 Quod
2408 1597 2514 1637 non
2575 1590 2795 1651 oportet
2842 1591 3091 1636 sacratos
3142 1582 3227 1637 vel
3285 1582 3521 1636 clericos
3569 1583 3705 1636 sine

2377 1691 2396 1725 ι
2433 1673 2633 1727 litteris
2677 1673 2959 1728 canonicis
3005 1674 3111 1727 iter
3145 1673 3380 1744 ingredi.
3421 1692 3439 1724 ι

2199 1764 2397 1823 BALS.
2442 1766 2547 1823 Alii
2582 1782 2804 1836 quoque
2829 1781 3071 1822 canones
3109 1766 3434 1830 decernunt,
3466 1781 3572 1819 non
3604 1772 3703 1819 «le--

454 1864 575 1929 μεῖν
628 1861 927 1930 κληρικοὺς
969 1861 1101 1917 ἄνευ
1127 1862 1429 1919 κανονικῶν
1460 1863 1835 1933 γραμμάτων,
1867 1879 2024 1917 τουτ-

2127 1857 2256 1913 bere
2314 1858 2546 1914 clericos
2600 1873 2831 1931 peregre
2896 1858 3171 1929 proﬁcisci
3238 1860 3360 1914 sine
3413 1858 3694 1913 canonicis

451 1953 571 2005 ἐστι
598 1952 940 2006 συστατικῶν
971 1953 1070 2006 καὶ¹
1097 1955 1445 2008 ἁπολυτικῶν
1470 1955 1773 2010 ἐπιστολῶν
1797 1972 1809 1984 ·
1848 1956 1943 2008 καὶ
1972 1956 2024 2008 οί

452 2046 724 2114 παρόντες
751 2045 807 2098 δὲ
839 2046 1064 2110 κανόνες
1096 2045 1167 2099 τὰ
1197 2048 1339 2102 αὐτὰ
1372 2047 1717 2115 διορίζονται.
1736 2049 2027 2117 Ἰερατικοὶ

454 2134 638 2200 μέντοι
668 2135 804 2187 εἰσιν
826 2137 874 2187 oi
899 2137 1028 2204 napi.
1057 2135 1121 2187 τὸ
1144 2136 1297 2205 βῆμα
1317 2155 1330 2167 ·
1366 2138 1621 2206 κληρικοὶ
1655 2138 1712 2191 δὲ
1737 2140 1787 2190 οἱ
1820 2138 2023 2190 λοιποί.

462 2224 770 2290 Ἀνάγνωθι
826 2224 918 2277 τὸν
952 2224 985 2277 ι’
1012 2226 1214 2278 κανόνα
1242 2227 1342 2295 τῆς
1370 2227 1412 2278 δ’
1442 2228 1683 2291 συνόδου,
1713 2227 1822 2280 τῶν
1854 2227 2027 2294 ἁγίων

454 2316 777 2369 ἀποστόλων
801 2334 926 2370 καν.
966 2316 1054 2386 ιβ’,
1089 2318 1184 2370 καὶ
1229 2320 1324 2388 τῆς
1360 2320 1418 2371 ὲν
1470 2319 1771 2389 Ἀντιοχείᾳ
1801 2337 1922 2373 καν.
1958 2319 2024 2384 ζ’,

451 2414 503 2476 η’
535 2408 630 2460 καὶ
660 2415 751 2460 ια’.

526 2589 1122 2659 ΖΩΝΔΡ.⁹ίερατικοί›ς
1156 2590 1256 2659 μὲν
1282 2590 1410 2652 τοὺς
1437 2592 1564 2659 περὶ
1598 2591 1656 2641 τὸ
1688 2589 1841 2659 βῆμά
1868 2608 2025 2660 φησι,

457 2682 557 2741 κλη
570 2684 754 2750 ρικοὺς
785 2682 841 2735 δὲ
870 2683 995 2743 τοὺς
1023 2681 1265 2742 λοιπούς.
1302 2680 1538 2744 Τούτους
1561 2679 1657 2735 οὖν
1689 2684 1912 2736 ἀπιέναι
1938 2701 2028 2736 ποι

461 2773 801 2841 μέλλοντας..
833 2774 927 2827 καὶ
959 2774 1312 2844 ἀποδημῆσαι
1343 2760 1443 2843 τῆς
1468 2775 1525 2827 ἐν
1612 2774 2031 2844 κατετάχθησαν

472 2865 822 2932 Ἐκκλησίας,
861 2867 923 2919 οὐ
956 2869 1233 2938 συγχωρεῖ
1257 2868 1285 2919 ό
1317 2865 1496 2921 κανὼν
1529 2868 1656 2922 ἄνευ
1682 2868 1908 2937 γνώμης
1936 2866 2029 2920 τοῦ

460 2958 762 3009 ἐπισκόπου
786 2958 1012 3010 ὁδεύειν.
1052 2960 1279 3028 Εἴρηται
1311 2959 1367 3010 δέ
1395 2960 1492 3028 ἤδη
1526 2959 1658 3028 περὶ
1681 2959 2030 3027 γραμμάτων

455 3048 749 3116 εἰρηνικῶν
805 3051 899 3101 καὶ
947 3049 1296 3103 συστατικῶν
1341 3052 1399 3102 ἐν
1445 3050 1523 3119 τῷ
1579 3056 1646 3103 ια’
1696 3051 1882 3103 κανόνι
1928 3053 2031 3123 τῆς

454 3138 496 3191 δ¹
537 3140 780 3192 συνόδου.
819 3141 1039 3202 Ταύτας
1070 3136 1163 3193 οὖν
1192 3141 1291 3202 τὰς
1347 3141 1662 3205 ἐπιστολὰς,
1697 3142 1795 3204 τὰς
1818 3142 2024 3211 εἰρηνι-

454 3232 559 3289 κάς
588 3232 649 3283 τέ
696 3249 840 3299 φημι
886 3234 980 3285 καὶ
1028 3232 1384 3297 συστατικὰς,
1422 3235 1684 3287 κανονικὰ
1723 3233 2033 3307 γράμματα

455 3325 693 3377 ἐνταῦθα
723 3326 1038 3394 ὠνόμασαν.

453 3501 673 3554 ΑΡΙΣΤ.
716 3520 735 3553 ι
770 3502 1047 3571 Κληρικὸς
1088 3505 1259 3573 χωρὶς
1309 3505 1616 3558 κανονικῶν
1662 3506 1963 3562 ἐπιστολῶν
1998 3506 2031 3576 ἦ

532 3614 549 3644 ι
599 3596 963 3657 ἀνεπίτακτος
990 3596 1050 3649 οὐ
1078 3590 1316 3664 πρόεισι.
1368 3618 1387 3650 ι

531 3689 605 3739 Ub
670 3687 1082 3757 συγχωροῦνται
1132 3690 1281 3757 παρὰ
1325 3690 1434 3741 τῶν
1480 3691 1641 3761 ἱερῶν
1695 3693 1936 3746 κανόνων
1981 3694 2032 3746 οἱ

456 3779 951 3847 ξενοχειροτόνητοι
982 3779 1426 3847 παραδέχεσθαι,
1460 3784 1769 3835 συστατικὰ
1796 3784 1874 3853 μὴ
1900 3788 2027 3838 ἐπι-

457 3874 748 3941 φερόμενοι
777 3872 1084 3940 γράμματα
1107 3888 1119 3899 ·
1150 3873 1244 3927 καὶ
1268 3872 1357 3927 διὰ
1373 3874 1530 3929 τοῦτο
1553 3874 1852 3941 ἀναγκαῖόν
1882 3877 2032 3930 ἐστιν

456 3965 663 4019 ὁδεύειν
693 3965 895 4027 αὐτοὺς
933 3965 1071 4035 μετὰ
1108 3970 1458 4036 γραμμάτων
1490 3968 1813 4030 κανονικῶν,
1840 3967 2032 4039 ὥσπερ

460 4059 523 4127 δὴ
582 4058 833 4119 καὶτοὺς
889 4058 1349 4127 κεκληρωμένους
1383 4061 1443 4112 ἐν
1490 4061 1694 4132 ἑκάστῃ
1735 4060 2032 4131 Ἐκκλησία

464 4149 598 4214 μετὰ
653 4145 880 4216 γνώμης
935 4147 1030 4199 καὶ
1072 4148 1374 4213 κελεύσεως
1404 4150 1499 4204 τοῦ
1538 4151 1671 4205 ίδίου
1721 4134 2025 4209 ἐπισκόπου

458 4239 537 4301 εἰς
571 4238 767 4305 ἑτέραν
799 4238 953 4291 πόλιν
987 4240 1083 4292 καὶ
1106 4239 1379 4311 ἐπαρχίαν
1402 4241 1631 4297 ὁδεύειν.

551 4368 558 4380 .
1045 4331 1285 4383 ΚΑΝΩΝ
1308 4331 1443 4387 Ml".

464 4439 483 4470 ι
518 4420 635 4472 ’Ὅτι
673 4421 730 4472 οὗ
772 4420 853 4473 δεῖ
872 4421 1174 4490 ὑπηρέτας,
1200 4421 1304 4475 κᾶν
1334 4424 1471 4493 πρὸς
1507 4425 1704 4499 βραχὺ,
1734 4426 2031 4498 τὰςθύρας

448 4520 453 4523 ‘
607 4534 621 4558 ι
664 4508 1100 4576 ἐγκαταλείπειν.
1133 4512 1228 4563 καὶ
1255 4514 1321 4582 τῇ
1345 4516 1478 4584 εὐχῇ
1517 4516 1822 4585 σχολάζειν.
1862 4536 1880 4569 ι

528 4602 717 4654 ΒᾹᾹΣ.
778 4605 1095 4672 Εἰρήκαμεν
1140 4607 1199 4657 ἐν
1245 4601 1323 4675 τῷ
1367 4608 1450 4674 κβ¹
1497 4609 1686 4661 κανόνι
1748 4608 2026 4678 ὑπηρέτας

458 4695 580 4753 τοὺς
634 4696 1021 4762 ὑποδιακόνους
1044 4742 1058 4761 ,
1106 4705 1199 4754 καὶ
1233 4702 1379 4770 ἔχειν
1412 4700 1612 4763 αὐτοὺς
1640 4703 1821 4755 πᾶσαν
1854 4703 2027 4769 ἀνάγ-

462 4804 562 4851 κην
600 4789 706 4837 τῶν
745 4786 917 4855 ἁγίων
947 4791 1253 4861 ἐκκλησιῶν
1286 4792 1483 4863 Θύραις
1522 4793 1848 4861 ἐφίστασθαι
1886 4794 2029 4847 κατὰ

460 4874 549 4925 τὸν
583 4876 679 4939 τῆς
724 4879 1069 4948 λειτουργίας
1102 4884 1318 4955 καιρδν,
1363 4884 1523 4954 χάριν
1563 4883 1658 4936 τοῦ
1689 4886 1934 4952 εἰσάγειν
1965 4901 2026 4937 τε

463 4968 560 5017 καὶ
590 4966 811 5034 ἐξάγειν
833 4970 961 5033 τοὺς
990 4975 1457 5044 κατηχουμένους,
1487 4976 1615 5039 τοὺς
1647 4977 1705 5027 ἐν
1740 4977 2021 5047 μετανοίᾳ,

461 5057 557 5107 καὶ
600 5058 729 5121 τοὺς
762 5059 1007 5124 λοιπούς.
1056 5064 1213 5116 Ἐπεὶ
1262 5062 1356 5119 οὖν
1396 5082 1542 5127 τινες
1588 5068 1651 5119 ἐκ
1685 5068 1894 5120 τούτων
1928 5069 2027 5134 τὴν

461 5146 893 5219 ἀνατεθειμένην
939 5153 1121 5217 αὐτοῖς
1150 5155 1430 5209 διακονίαν
1486 5156 1892 5219 καταλιπόντες
1921 5158 2030 5228 ἥπ-

460 5253 617 5291 τοντο
661 5241 772 5294 τῶν
805 5242 961 5295 θείων
1013 5246 1397 5315 άγιασμάτων,
1445 5247 1655 5315 ὥρισαν
1680 5248 1728 5300 οἱ
1787 5248 2030 5319 Πατέρες

463 5327 616 5396 παρὰ
670 5330 788 5394 ταῖς
845 5332 1038 5402 θύραις
1081 5336 1189 5388 τῶν
1237 5337 1543 5406 ἐκκλησιῶν
1588 5336 1813 5399 τούτους
1861 5354 2032 5406 προσ·

463 5417 726 5487 εδρεύειν,
749 5422 847 5475 καὶ
879 5424 954 5494 μὴ
974 5427 1454 5497 μεταχειρίζεσθαι
1473 5428 1545 5483 τὰ
1573 5429 1693 5483 θεῖα
1724 5431 2025 5499 μυστήρια,

464 5509 558 5560 καὶ
582 5508 837 5582 εὔχεσθαι
872 5515 1012 5585 ὑπὲρ
1042 5517 1135 5570 τοῦ
1175 5518 1305 5571 λαοῦ
1350 5519 1493 5572 κατά
1524 5522 1709 5589 ἱερεῖς.
1730 5521 2031 5587 ’Δνάγνωθι

466 5599 559 5652 καὶ
589 5600 680 5651 τὸν
708 5607 793 5654 κα¹
822 5604 919 5656 καῖ
944 5606 1035 5656 τὸν
1069 5605 1148 5675 κβ
1184 5605 1409 5668 κανόνα,
1440 5606 1535 5659 καὶ
1563 5606 1631 5658 τὰ
1663 5608 1719 5659 ἐν
1752 5607 1959 5667 αὖτοῖς.

533 5691 779 5745 ΖΩΝΛΡ.
800 5694 1107 5763 ’Υπηρὲτας
1140 5698 1267 5758 τοὺς
1295 5696 1684 5761 ὑποδιακόνους
1710 5693 1851 5751 εἷναί
1875 5715 2026 5765 φασι.

468 5784 605 5845 Τοὺς
648 5784 706 5837 δὲ
755 5785 1139 5851 ὑποδιακόνους
1186 5790 1301 5850 ταῖς
1351 5788 1542 5856 θύραις
1585 5790 1691 5843 τῶν
1739 5791 1911 5857 ἁγίων
1942 5792 2033 5843 ἐκέ

2058 4546 2109 4606 D

2126 1948 2363 2013 litteris,
2418 1948 2523 2004 hoc
2576 1957 2698 2016 est,
2742 1949 3214 2005 cotttmendatitiis
3260 1959 3317 2004 ct
3360 1947 3713 2004 dimissoriis

2112 2039 2373 2110 .epistolis
2404 2058 2417 2095 :
2450 2051 2507 2095 et
2541 2049 2844 2110 praesentes
2889 2041 3055 2095 etiam
3098 2055 3339 2097 canones
3368 2030 3557 2095 eadem
3597 2040 3694 2095 de-

2125 2140 2375 2185 cernunt.
2432 2128 2572 2186 Sunt
2614 2141 2797 2186 autem
2856 2132 3059 2189 sacrati
3111 2131 3173 2197 ii,
3221 2133 3313 2202 qui
3366 2139 3494 2186 sunt
3548 2131 3711 2186 circa.

2124 2236 2342 2278 sacrum
2375 2223 2617 2279 tribunal
2666 2240 2682 2277 :
2724 2224 2909 2279 clerici
2962 2238 3091 2280 vero
3140 2225 3357 2297 reliqui.
3407 2223 3549 2295 Lege
3608 2242 3698 2277 ra-

2128 2330 2324 2369 nonem
2354 2314 2423 2370 10
2454 2322 2663 2383 quartae
2693 2315 2911 2386 synodi,
2959 2323 3275 2371 sanctorum
3319 2315 3703 2385 apostolorum

2127 2420 2396 2461 canonem
2453 2405 2544 2472 12,
2589 2414 2643 2461 et
2701 2407 3063 2465 Antiochense
3107 2408 3304 2480 synodi
3347 2403 3591 2464 canones
3643 2408 3697 2472 7,

2127 2495 2160 2549 8
2199 2505 2254 2547 et
2289 2495 2380 2549 Η.

2199 2585 2451 2643 ZONAR.
2497 2589 2754 2643 Sacratos
2788 2588 3035 2658 quidem.
3079 2604 3176 2645 eos
3203 2590 3298 2660 qui
3326 2587 3473 2642 circa
3519 2603 3702 2643 sacra-

2131 2680 2270 2732 rium
2323 2689 2637 2746 versantur,
2676 2681 2909 2735 clericos
2946 2696 3082 2739 vcro
3123 2683 3263 2737 alios
3297 2698 3488 2737 omnes
3517 2683 3700 2751 appel-

2130 2768 2225 2823 lat.
2281 2768 2390 2825 Eos
2448 2770 2637 2842 igitur,
2689 2770 2734 2825 si
2786 2770 2973 2842 aliquo
3016 2770 3315 2842 profecturi
3365 2771 3501 2834 sint,
3537 2780 3591 2826 et
3633 2771 3701 2823 ah

2129 2860 2363 2915 ecclesia
2432 2861 2521 2915 cui
2589 2861 2850 2931 adscripti
2918 2870 3048 2916 sunt
3087 2860 3371 2932 migraturi
3405 2901 3423 2927 ,
3492 2861 3713 2930 absque

2129 2951 2369 3021 episcopi
2401 2942 2665 3007 facultate
2705 2952 2917 3022 ingredi
2962 2967 3141 3007 canon
3174 2952 3319 3006 haud
3352 2953 3506 3008 sinit.
3550 2950 3701 3005 Dixi.

2102 3055 2253 3094 .mns
2284 3053 2413 3095 vero
2451 3039 2563 3109 jam
2610 3042 2678 3095 de
2708 3041 2977 3110 paciﬁcis,
3010 3052 3067 3096 et
3108 3041 3580 3095 commendatitiis
3614 3040 3703 3093 lit-

2132 3133 2289 3197 teris,
2320 3142 2530 3203 quartze
2586 3132 2783 3203 synodi
2832 3148 3046 3188 canone
3069 3133 3154 3187 ll.
3187 3132 3300 3188 Has
3332 3149 3463 3202 ergo
3491 3132 3701 3202 episto-

2134 3223 2237 3285 las,
2272 3224 2555 3296 paciﬁcas,
2599 3226 2849 3296 inquam,
2898 3234 2951 3279 et
2998 3226 3504 3287 commendatitias,
3534 3238 3705 3277 cano-

2137 3317 2290 3372 nicas
2325 3317 2542 3374 litteras
2589 3319 2695 3373 hoc
2739 3319 2883 3382 loco,
2918 3317 3065 3389 quod
3107 3334 3174 3374 ex
3206 3318 3433 3373 decreto
3477 3317 3723 3371 canonis.

2135 3407 2505 3477 traderentur,
2542 3411 2871 3465 nominavit.

2134 3499 2379 3594 ARIST.
2437 3520 2456 3553 ι
2489 3502 2735 3561 Clericus
2800 3503 2924 3558 sine
2981 3501 3184 3557 litteris
3240 3501 3561 3565 canonicis,
3618 3499 3703 3554 vel

2443 3611 2462 3643 ι
2498 3592 2770 3663 injussus,
2802 3594 2907 3648 iter
2937 3606 3047 3648 non
3075 3593 3328 3662 suscipit.
3367 3612 3390 3644 ι

2213 3682 2332 3738 Non
2386 3684 2790 3750 permittuntur
2843 3700 2873 3739 a
2924 3684 3098 3739 sacris
3145 3684 3455 3739 eanonilius
3505 3684 3599 3755 qui
3649 3683 3705 3737 in

2133 3771 2311 3826 aliena
2346 3773 2627 3840 provincia
2660 3774 2897 3828 ordinati
2953 3783 3104 3839 sunt,
3134 3774 3374 3839 admitti,
3424 3788 3708 3828 commen-

2131 3863 2352 3918 datitias
2382 3879 2488 3918 non
2523 3864 2816 3923 aiferentes
2852 3848 3190 3931 litteras..Et
3229 3865 3440 3921 idcirco
3475 3880 3706 3919 necesse

2132 3964 2216 4009 est
2271 3971 2367 4011 eos
2410 3970 2537 4011 cum
2577 3957 2777 4013 litteris
2827 3958 3114 4014 canonicis
3158 3959 3267 4012 iter
3295 3959 3499 4019 facere,
3548 3966 3606 4011 ut
3650 3964 3708 4011 et

2131 4062 2325 4104 omnes
2375 4048 2611 4105 clericos
2666 4050 2721 4103 in
2778 4066 3103 4121 unaquaque
3148 4051 3385 4109 ecclesia
3435 4066 3559 4103 cum
3614 4051 3711 4106 sui»

2131 4139 2378 4209 episcopi
2411 4139 2694 4196 voluntate
2735 4149 2790 4196 et
2833 4142 3094 4199 mandato
3123 4141 3188 4196 ad
3224 4142 3387 4196 aliam
3421 4141 3721 4198 civitatem.

2130 4235 2185 4282 et
2206 4227 2548 4297 provinciam
2580 4230 2882 4300 proﬁcisci.

2142 4368 2151 4375 κ
2683 4320 2912 4379 CANON
2955 4322 3144 4379 XLIII.

2135 4432 2155 4466 ι
2191 4414 2345 4480 Quod
2382 4431 2487 4468 non
2534 4424 2751 4484 oportet
2789 4416 3093 4480 ministros,
3122 4416 3203 4471 vel
3234 4416 3386 4471 brevi
3431 4425 3716 4486 tempore,.

2299 4528 2317 4559 ‹
2357 4508 2502 4561 fores
2534 4509 2865 4579 relinquere,
2904 4518 2960 4564 et
2991 4510 3227 4563 orationi
3259 4524 3476 4563 vacare.
3516 4528 3533 4559 ι

2205 4598 2396 4654 BALS.
2448 4600 2692 4657 Diximus
2744 4602 2809 4665 in,
2858 4616 3069 4654 canone
3113 4599 3184 4654 2°!
3237 4600 3521 4654 ministros
3574 4614 3700 4654 esse

2129 4694 2524 4757 thdiaconos,
2582 4705 2635 4748 et
2682 4709 2776 4748 eos
2819 4693 3137 4748 necessario
3172 4702 3431 4761 oportere
3479 4699 3703 4746 sancta-

2130 4798 2250 4836 rum
2295 4784 2659 4851 ecclesiarum.
2700 4780 2918 4836 foribus
2948 4781 3217 4834 adsistere
3249 4788 3498 4848 tempore
3536 4795 3707 4836 sacra

2130 4875 2386 4943 mysteria
2417 4873 2732 4945 peragendi,
2767 4884 2825 4928 ιιι
2862 4871 3219 4927 introducant
3263 4880 3318 4924 et
3340 4870 3580 4926 educant
3609 4885 3706 4927 ca-

2133 4966 2511 5028 techumcnos,
2539 4975 2595 5020 et
2621 4979 2716 5019 eos
2741 4963 2835 5032 qui
2869 4973 2999 5016 sunt
3038 4963 3093 5015 in
3138 4962 3487 5031 poenitentia,
3524 4969 3576 5015 et
3616 4976 3705 5018 re-

2134 5055 2336 5123 liquos.
2386 5056 2525 5121 Quia
2583 5070 2713 5124 ergo
2757 5053 3006 5108 nonnulli
3041 5069 3107 5107 cx
3163 5052 3231 5106 iis
3269 5052 3458 5106 relicto
3488 5052 3591 5105 sibi
3623 5061 3707 5105 at-

2133 5147 2337 5200 tributo
2395 5148 2699 5202 ministerio
2755 5154 3100 5200 sacramenta
3160 5144 3537 5212 attingebant,
3587 5153 3703 5198 sta-

2135 5246 2353 5293 tuerunt
2381 5236 2587 5302 Patres,
2628 5246 2688 5293 ut
2708 5238 2744 5292 ii
2784 5236 3043 5292 ecclesias
3064 5235 3276 5289 foribus
3311 5233 3617 5300 assideant,
3650 5245 3707 5291 et

2134 5329 2315 5387 divina
2354 5331 2612 5403 mysteria
2660 5346 2769 5385 non
2804 5335 3174 5390 contrectcnt,
3224 5343 3326 5381 nec
3359 5342 3456 5396 pro
3502 5329 3706 5398 popqu

2134 5433 2430 5494 precentur
2485 5424 2658 5480 instar
2716 5422 3093 5479 sacerdotum.
3154 5416 3298 5490 Lege
3344 5433 3587 5479 canones
3632 5420 3697 5474 Si

2133 5525 2189 5567 et
2226 5513 2320 5576 2'3,
2355 5521 2410 5568 et
2436 5528 2562 5583 quae
2589 5519 2722 5569 sunt
2751 5513 2805 5567 in
2839 5512 2998 5583 ipsis.

2209 5693 2461 5752 ZONAR.
2506 5694 2744 5750 Ministri
2776 5706 2916 5762 quos
2950 5692 3359 5762 hypodiaconos
3395 5706 3516 5745 esse
3556 5705 3707 5743 asse-

2140 5799 2305 5853 runt,
2365 5796 2680 5845 sanctarum
2738 5788 3097 5841 ecclesiarum
3172 5783 3385 5838 foribus
3447 5782 3719 5837 assistere
