4052 6400
370 351 497 416 MOI
618 402 621 405 .
1525 356 1607 417 IN
1646 356 1811 420 CAN.
1854 358 2029 418 XLVI
2066 359 2526 422 CONC.‘I.AOD.
3471 361 3609 425 140?.

364 473 725 541 ἐτοιμασθεὶς,
765 472 1220 543 βαπτισθήσεται.
1267 470 1344 527 Τδ
1370 473 1502 545 γάρ,
1552 476 1629 529 Οὐ
1658 476 1742 530 δεῖ
1770 456 1923 546 δὲχέ-

2043 490 2286 535 iuratus.
2346 479 2737 548 baptizabitur.
2799 478 2937 533 Illud
2983 481 3172 543 enim,
3218 476 3335 532 Non
3393 489 3614 548 oportet

368 566 512 627 σθαι,
547 567 647 619 οὐκ
675 567 1045 630 ἁδιαστίκτως
1077 565 1324 635 νοητέον,
1363 566 1502 624 ἀλλὰ
1527 571 1671 624 κατὰ
1701 570 1762 622 τὸ
1792 570 1937 637 μέγα

2043 570 2272 633 admitti,
2309 588 2416 624 nun
2447 582 2527 625 est
2565 570 2885 627 indistincte
2914 572 3355 641 intelligendum,
3406 570 3501 625 sed
3557 573 3611 626 in

275 5728 279 5735 η
383 5699 639 5759 convenit,
671 5708 725 5748 ut
753 5712 844 5763 per
872 5695 1110 5762 singulas
1142 5696 1386 5749 ecclesias
1411 5695 1645 5764 episcopi
1668 5712 1716 5752 et

363 659 665 713 Σάϐϐατον.

433 754 683 808 ΖΩΝΑΡ.
740 752 937 822 Ἐντῷ
1003 754 1224 825 μεγάλῳ
1284 754 1550 825 Σαϐϐάτῳ
1603 753 1662 819 ἐξ
1706 754 1927 823 ἔθουςὴ

376 844 671 912 Ἐκκλησία
729 848 905 897 ποιεῖν
961 844 1312 915 βαπτίσματα
1360 828 1702 915 παρέλαϐεν·
1753 847 1933 899 ὅτιτὸ

367 936 675 1005 βάπτισμα,
709 939 812 1005 τῆς
844 940 1023 1005 ταφῆς
1050 940 1144 990 καὶ
1183 938 1281 1005 τῆς
1302 940 1659 999 ἀναστάσεως
1681 938 1776 991 τοῦ
1814 941 1931 993 Κυ-

365 1028 486 1096 ρίου
516 1027 685 1087 τύπος
718 1030 856 1082 ἐστι.
890 1030 963 1082 Τὸ
1001 1031 1058 1082 δὲ
1093 1030 1378 1083 Σάϐϐατον
1407 1031 1585 1084 ἐκεῖνο
1621 1030 1787 1099 μέσον
1817 1031 1934 1082 ἐστὶ

362 1120 463 1188 τῆς
492 1121 668 1188 ταφῆς
701 1123 795 1175 καὶ
820 1124 919 1191 τῆς
945 1124 1321 1185 ἀναστάσεως.
1347 1123 1485 1184 Τοὺς
1514 1116 1607 1174 οὖν
1638 1121 1933 1190 ὲτοιμαζο·

369 1213 566 1283 μένους
593 1216 934 1285 φωτισθῆναι
967 1216 1026 1268 ὲν
1068 1215 1146 1285 τῷ
1175 1214 1398 1286 μεγάλῳ
1427 1216 1692 1286 Σαϐϐάτῳ
1724 1215 1806 1269 δεῖ
1834 1215 1935 1283 τὴν

367 1305 554 1356 πᾶσαν
587 1305 1054 1375 Τεσσαρακοστὴν
1083 1306 1372 1376 νηστεύειν
1398 1323 1458 1358 τε
1492 1307 1588 1359 καὶ
1619 1304 1929 1375 προκαθαί-

369 1397 561 1467 ρεσθαι
592 1397 662 1449 δι’
687 1397 997 1468 ἀσκήσεως,
1062 1398 1159 1451 καὶ
1192 1397 1339 1451 οὕτω
1376 1398 1666 1466 προσιέναι
1695 1396 1773 1466 τῷ
1818 1414 1934 1464 φω-

373 1492 627 1558 τέσματι.
685 1491 747 1544 El
798 1492 854 1544 δέ
901 1509 987 1553 τις
1042 1491 1179 1561 μετά
1224 1491 1323 1558 τὴν
1366 1490 1627 1559 δευτέραν
1667 1489 1939 1558 ἑϐδομάδα

368 1583 642 1653 προσέλθῃ
668 1582 1191 1653 βαπτισθησόμενος,
1236 1584 1300 1636 οὑ
1345 1584 1427 1635 δεῖ
1474 1582 1639 1636 αὑτὸν
1690 1579 1933 1651 προσδὲο

368 1674 563 1743 χετθαι
612 1676 695 1737 είς
744 1675 806 1728 τδ
850 1674 1135 1745 βάπτισμα
1182 1675 1327 1729 κατὰ
1370 1674 1433 1727 τὸ
1469 1674 1685 1744 Πάσχα,
1736 1673 1812 1737 ὡς
1859 1671 1936 1743 μὴ

369 1769 498 1836 ὅλην
528 1769 627 1836 τὴν
660 1769 1129 1838 Τεσσαρακοστὴν
1160 1765 1558 1837 νηστεύσαντα,
1594 1763 1733 1835 μετὰ
1760 1763 1935 1816 ταῦτα

2039 679 2235 727 magno
2270 664 2538 718 Sabbato.

2103 757 2356 811 ZONAR.
2414 758 2609 827 Magno
2663 756 2909 813 Sabbato
2974 759 3245 828 baptisma
3298 758 3609 819 celebrari,

2037 852 2266 919 antiqua
2300 849 2557 904 Ecclesiae
2597 851 2995 905 consuetudine
3024 859 3106 905 est
3155 860 3435 917 reet'ptum
3477 865 3492 901 :
3526 862 3611 902 est

2037 958 2274 1013 namque
2305 944 2569 1014 baptisma
2603 944 2904 1013 sepulturae
2944 953 2995 997 et
3036 944 3462 996 resurrectionis
3498 941 3605 994 Do-

2038 1033 2252 1088 miuitra:
2283 1042 2469 1105 typus.
2500 1034 2737 1088 Medium
2776 1045 2954 1088 autem
2989 1035 3133 1089 inter
3173 1038 3512 1102 sepulturam
3552 1040 3608 1086 et

2036 1127 2495 1180 resurrectionem
2529 1125 2740 1181 Domini
2788 1124 3089 1181 Sabbatum
3125 1127 3255 1179 illttd
3287 1125 3602 1179 intercedit.

2037 1218 2363 1287 Quicunque
2411 1219 2576 1289 igitur
2634 1234 2695 1273 se
2732 1226 2948 1287 parant,
3005 1227 3064 1272 ut
3112 1233 3308 1288 magno
3362 1217 3604 1271 Sabbatu

2037 1309 2408 1378 baptiaentur,
2450 1319 2624 1367 totum
2676 1310 3168 1380 Quadragesimum
3205 1318 3424 1376 tempus
3461 1307 3604 1376 jeju-

2037 1403 2148 1459 niis
2201 1404 2534 1469 transigere,
2600 1402 3194 1471 exercitationibusque
3239 1400 3434 1453 divinis
3478 1414 3607 1467 pur-

2036 1502 2215 1563 gatos,
2246 1493 2312 1547 ad
2360 1494 2745 1562 baptizandum
2784 1493 3047 1547 accedere
3094 1499 3331 1561 oportet.
3378 1489 3435 1541 Si
3481 1488 3606 1556 quis

2036 1595 2220 1640 autem
2291 1588 2527 1643 secunda
2600 1586 2937 1641 bebdomada
3003 1587 3187 1653 elapsa
3244 1581 3609 1652 baptizandus

2038 1676 2285 1755 accedat,
2342 1692 2682 1747 nequaquam
2749 1676 2797 1732 is
2848 1677 3102 1731 l‘ascbali
3173 1685 3443 1744 tempore,
3505 1672 3607 1726 nisi

2037 1767 2401 1838 quadraginta
2458 1770 2669 1824 dierum
2710 1770 2921 1839 jejunio
2969 1771 3261 1839 expiatus,
3322 1769 3386 1820 ad
3432 1765 3609 1836 bapti-

370 1862 427 1912 δὲ
483 1861 942 1930 βαπτισθήσεται.
998 1860 1073 1912 Τὸ
1119 1859 1251 1929 γὰρ,
1295 1858 1372 1912 Οὐ
1414 1857 1495 1910 δεῖ
1532 1854 1808 1925 δέχεσθαι.
1837 1853 1940 1907 οὐκ

2046 1870 2219 1909 smum
2244 1857 2454 1912 admitti
2478 1860 2678 1926 debet;
2710 1874 2819 1930 quo
2844 1860 3062 1915 demum
3095 1868 3311 1918 exacto,
3339 1853 3606 1926 baptizari

372 1953 766 2016 ἁδιαστίκτως,
793 1953 928 2005 ἀλλὰ
950 1952 1094 2004 κατὰ
1124 1952 1185 2002 τὸ
1212 1950 1356 2018 μέγα
1385 1946 1663 2002 Σάϐϐατον
1692 1945 1936 2013 νοητέον.

2046 1945 2243 2001 deinde
2292 1948 2569 2005 hominem
2622 1961 2754 2005 tune
2799 1952 3018 2021 quidem
3073 1951 3279 2005 licebit.
3329 1945 3464 2002 Nam
3517 1946 3610 1999 illa

372 2045 559 2108 verba,
591 2043 708 2098 Non
742 2052 961 2113 oportet
1006 2043 1244 2104 admitti,
1284 2056 1392 2095 non
1464 2039 1782 2094 indistincte
1844 2036 2186 2109 accipienda,
2255 2041 2347 2097 sed
2411 2045 2631 2114 proprie
2706 2044 2774 2098 de
2833 2060 3031 2117 magno
3087 2043 3331 2098 Sabbato
3409 2040 3613 2095 intelliv-

372 2142 544 2210 gentia
574 2146 719 2195 sunt.

370 2231 597 2285 ΑΡΙΣΤ.
658 2230 780 2283 «Ob
833 2229 915 2282 δεῖ
975 2230 1113 2298 μετὰ
1176 2227 1270 2281 δύο
1328 2229 1425 2296 τῆς
1477 2224 1940 2295 Τεσσαρακοστῆς

452 2344 470 2374 ι
507 2322 813 2391 ἑϐδομάδας
838 2324 920 2384 εἰς
945 2321 1007 2372 τὸ
1035 2314 1291 2389 φώτισίμα
1319 2319 1597 2389 δέχεσθαι.
1634 2315 1940 2386 Ὀφείλουσι

449 2435 467 2465 ι
508 2416 607 2469 καὶ⁵
629 2415 743 2487 γάρ
771 2413 871 2468 ἀπ’
898 2414 1076 2484 ἀρχῆς
1106 2413 1277 2483 αὐτῆς
1305 2411 1612 2480 νηστεύειν.
1654 2430 1673 2463 ι

453 2507 514 2558 '0
550 2505 730 2559 κανὼν
778 2498 933 2567 οὗτος
980 2504 1171 2565 διττῶς
1206 2504 1430 2556 δύναται
1468 2503 1727 2572 νοηθῆναι
1749 2516 1763 2533 ο
1795 2499 1829 2569 ἢ
1857 2499 1940 2551 ὅτι

372 2599 421 2649 οἱ
455 2596 595 2664 μετά
620 2593 983 2664 παραδρομὴν
1018 2591 1111 2644 δύο
1143 2592 1458 2661 ἑϐδομάδων
1509 2593 1610 2660 τῆς
1661 2591 1943 2659 Τεσσαρα-

373 2693 577 2760 κοστῆς
608 2688 1046 2758 προσερχόμενοι
1091 2688 1158 2755 τῇ
1211 2686 1437 2747 πίστει,
1496 2685 1592 2737 καὶ¹
1643 2683 1944 2753 ἀρξάμενοι

370 2782 677 2850 νηστεύειν,
732 2780 833 2833 οὐκ
867 2779 1271 2848 ἀξιωθήσονται
1325 2777 1421 2830 τοῦ
1470 2776 1853 2846 βαπτίσματος
1889 2775 1945 2825 ὲν

371 2872 451 2941 τῷ
479 2872 701 2941 μεγάλῳ
745 2870 1033 2941 Σαϐϐάτῳ.
1084 2869 1160 2931 ὡς
1204 2869 1299 2922 καὶ
1328 2869 1387 2934 ἐξ
1433 2868 1611 2938 ἀρχῆς
1642 2868 1812 2935 αὐτῆς
1842 2867 1943 2933 τῆς

374 2965 842 3036 Τεσσαρακοστῆς
886 2963 984 3032 τὴν
1039 2963 1277 3029 ἄσκησιν
1306 2958 1694 3029 ὲνδειξάμενοι,
1727 2959 1818 3010 καὶ¹
1844 2960 1944 3027 ἀρ⁴

371 3057 615 3117 πούντως
647 3053 1086 3124 νηστεύσαντες·
1118 3055 1151 3123 ἢ
1186 3054 1293 3115 ὅτι,
1346 3052 1444 3104 ἐὰν
1476 3051 1584 3121 πρὸ
1609 3054 1709 3121 τῆς
1740 3051 1945 3102 Τεσσαο

374 3149 652 3222 ρακοστῆς
685 3145 993 3216 προσῆλθόν
1020 3162 1167 3207 τινες
1207 3146 1273 3215 τῇ
1327 3144 1526 3208 πίστει,
1580 3144 1675 3196 καὶ
1710 3142 1945 3214 ἤρξαντο

2043 2222 2279 2280 ARIST.
2328 2244 2347 2277 ι
2384 2223 2513 2281 Post
2565 2226 2703 2282 duas
2741 2224 3188 2298 Quadragesimze
3236 2210 3612 2278 bebdomadas

2123 2334 2143 2367 ι
2180 2316 2246 2370 ad
2284 2317 2741 2372 illuminationem
2786 2318 3016 2386 quosvis
3048 2315 3261 2371 admitti
3300 2330 3408 2369 non
3446 2326 3611 2382 ope?—

2122 2427 2140 2459 ι
2176 2418 2250 2463 tet
2278 2424 2292 2469 ;
2321 2410 2389 2463 ab
2420 2408 2707 2479 ipso'euim
2750 2410 3021 2480 principio
3045 2408 3297 2478 ieiunare
3328 2406 3547 2460 debent.
3588 2422 3607 2453 ι

2115 2500 2214 2556 Ηίο
2236 2500 2728 2572 canon‘dupliciter
2752 2511 2930 2572 potest
2963 2502 3212 2571 intelligi,
3241 2500 3321 2554 vel
3351 2497 3492 2567 (μιηά
3517 2496 3608 2561 ιῑιιῖ

2039 2602 2165 2662 post
2219 2593 2355 2649 duas
2406 2592 2853 2664 Quadragesima:
2899 2591 3271 2647 hebdomadas
3324 2587 3613 2659 praeterla-

2040 2698 2169 2753 psas
2194 2683 2259 2735 ad
2299 2683 2457 2737 Iidem
2500 2686 2788 2748 accedunt,
2840 2692 2894 2738 et
2919 2683 3174 2752 ieiunare
3223 2681 3522 2749 incipiunt,
3558 2676 3613 2729 in

2044 2791 2247 2847 magno
2288 2774 2533 2831 Sabbato
2574 2776 2856 2846 baptismo
2897 2774 3047 2844 digni
3085 2789 3193 2827 non
3247 2772 3613 2831 habebuntur,

2052 2879 2113 2923 ut
2146 2870 2225 2923 illi
2258 2870 2353 2939 qui
2398 2869 2469 2923 ab
2514 2870 2670 2923 initio
2718 2867 2880 2921 istius
2913 2864 3363 2932 Quadragesimze
3402 2861 3616 2916 exerci-

2052 2961 2308 3017 tationem
2358 2960 2749 3023 ostenderuut,
2777 2968 2831 3013 et
2881 2957 3213 3013 suliieienter
3251 2956 3613 3023 ieiunarunt;

2047 3052 2133 3105 vel
2165 3052 2309 3119 quod
2347 3052 2391 3105 si
2450 3060 2574 3104 ante
2604 3050 3095 3118 Quadragesimam
3130 3048 3197 3100 ad
3244 3046 3403 3100 ﬁdem
3448 3045 3615 3114 quili-

2049 3141 2142 3197 bet
2195 3152 2567 3206 accesserunt,
2628 3151 2684 3195 et
2739 3140 2993 3211 ieiunare
3051 3147 3361 3210 coeperunt,
3417 3138 3614 3192 deinde

374 3234 823 3309 νηστεύειν,εῐτα
845 3236 952 3308 πρὸ
982 3236 1075 3289 τοῦ
1106 3236 1408 3306 ἀξιωθῆναι
1436 3234 1534 3289 τοῦ
1567 3232 1941 3305 βαπτίσματος

2046 3234 2368 3305 priusquam
2437 3235 2713 3305 baptismo
2786 3243 3120 3288 censeantur
3184 3233 3328 3303 digni
3396 3229 3618 3309 advenit

375 3332 584 3398 ἐπέστη
614 3333 647 3401 ἡ
684 3329 1144 3400 Τεσσαρακοστὴ,
1195 3329 1298 3381 οὐκ
1332 3327 1665 3398 ἀναμενοῦσι
1705 3326 1767 3380 τὸ
1802 3325 1948 3396 μέγα

375 3424 657 3478 Σάϐϐατον
714 3408 809 3475 ἐπὶ
836 3420 917 3491 τῷ
963 3420 1323 3489 φωτισθῆναι,
1397 3418 1579 3482 καθὼς
1631 3418 1727 3473 καὶ
1771 3418 1821 3470 οἱ
1851 3417 1945 3470 ἀπ’

372 3519 550 3588 ἀρχῆς
574 3519 741 3587 αὖτῆς
771 3517 867 3586 τῆς
911 3516 1378 3585 Τεσσαρακοστῆς
1435 3515 1726 3585 νηστεύειν
1768 3514 1948 3584 ἀρξά-

378 3628 566 3679 μενοι·
619 3608 735 3662 άλλ’
779 3608 909 3679 ἄχρι
964 3609 1066 3678 μὲν
1109 3607 1204 3660 δύο
1257 3607 1593 3677 ἑϐδομάδων,
1639 3608 1689 3660 εἰ
1745 3604 1947 3667 ἱκανῶς

371 3706 734 3772 ὲνήστευσαν,
780 3700 1184 3772 άξιωθήσονται
1225 3700 1321 3754 τοῦ
1352 3700 1753 3772 βαπτίσματος.
1789 3698 1853 3749 El
1900 3695 1945 3748 δ’

370 3797 472 3849 οὐκ
500 3794 686 3857 ἔδοξαν
739 3792 1031 3861 αὐτάρκως
1058 3790 1354 3862 νηστεῦσαι
1393 3792 1534 3860 μετὰ
1585 3786 1947 3861 παραδρομὴν

371 3884 467 3939 δύο
513 3882 826 3953 ἑϐδομάδων
871 3882 971 3950 τῆς
1019 3881 1523 3951 Τεσσαρακοστῆς,
1565 3880 1626 3932 οὑ
1673 3878 1951 3948 φωτισοή·

374 3994 582 4039 σονται,
629 3975 746 4030 ἀλλ’
796 3973 1131 4043 άναμενοῦσι
1159 3976 1254 4025 καὶ
1288 3973 1445 4025 αὐτοὶ
1494 3970 1634 4041 μετὰ
1662 3970 1773 4023 τῶν
1811 3970 1946 4038 μελ-

373 4069 577 4122 λόντων
655 4067 734 4137 τῷ
794 4066 1015 4137 μεγάλῳ
1083 4065 1446 4136 βαπτισθῆναι
1509 4062 1810 4133 Σαϐϐάτῳ⁶
1870 4059 1947 4124 ὡς

374 4161 599 4213 ἐκείνων
662 4160 841 4228 μόνων
869 4158 1039 4211 ὄντων
1073 4157 1280 4210 δεκτῶν
1314 4156 1423 4209 τῶν
1476 4155 1537 4221 ἐξ
1569 4156 1743 4226 ἀρχῆς
1775 4154 1946 4224 αὐτῆς

373 4252 475 4322 τῆς
530 4251 994 4323 Τεσσαρακοστῆς
1047 4250 1445 4320 νηστευόντων,
1475 4243 1562 4302 οἷα
1610 4249 1710 4319 τῆς
1764 4246 1946 4300 αὐτῶν

375 4347 668 4414 ἀσκήσεως
730 4342 948 4407 τελείας
1011 4340 1181 4413 οὔσης
1245 4344 1340 4395 καὶ
1403 4342 1504 4396 οὐκ
1580 4340 1948 4411 ἀπεσχεδιασο

379 4437 570 4508 μένης.

950 4528 1190 4582 ΚΑΝΩΝ
1225 4527 1376 4595 Mc".

2046 3328 2502 3400 Quadragesima,
2550 3344 2657 3382 non
2707 3328 3109 3398 exspectabant
3162 3341 3423 3395 magnum
3478 3306 3620 3378 Sab-

2045 3419 2231 3474 batum
2262 3428 2319 3473 ut
2348 3420 2766 3485 illuminentur;
2810 3417 3279 3488 quemadmodum
3326 3429 3379 3471 et
3410 3415 3503 3484 qui
3548 3414 3617 3468 ab

2046 3513 2209 3567 initio
2237 3512 2402 3568 issius
2461 3512 2910 3582 Quadragesima:
2962 3510 3216 3579 ieiunare
3267 3511 3615 3577 inceperunt,

2046 3600 2142 3657 sed
2172 3616 2347 3670 usque
2382 3600 2450 3654 ad
2481 3601 2623 3656 duas
2646 3603 2983 3668 septimanas
3025 3601 3070 3654 si
3105 3601 3241 3652 satis
3274 3598 3616 3667 iciunaruut,

2045 3694 2320 3763 baptismo
2346 3693 2496 3763 digni
2537 3700 2891 3749 censeantur.
2932 3691 2988 3745 Si
3012 3699 3196 3746 autem
3243 3700 3367 3760 post
3395 3692 3615 3757 elapsas

2046 3787 2185 3842 duas
2228 3785 2679 3856 Quadragesimze
2726 3786 3061 3855 septimanas
3106 3783 3444 3839 sufﬁcienter
3475 3781 3617 3850 jeju-

2044 3893 2211 3935 nasse
2239 3894 2347 3933 non
2382 3878 2661 3942 videntur,
2705 3891 2813 3931 non
2852 3876 3257 3939 illuminentur,
3290 3875 3385 3929 sed
3419 3886 3617 3942 exspe-

2044 3972 2274 4027 etabunt
2303 3969 2467 4043 475
2494 3982 2548 4027 et
2594 3970 2699 4042 ipsi
2733 3985 2859 4025 eum
2894 3970 2960 4023 iis
3000 3969 3091 4038 qui
3139 3982 3335 4037 magno
3377 3965 3618 4020 Sabbato

2044 4064 2311 4135 baptizati
2344 4072 2508 4119 erunt
2544 4081 2559 4118 :
2592 4064 2729 4118 adeo
2757 4072 2817 4118 ut
2859 4063 2937 4117 illi
2985 4063 3091 4118 soli
3138 4062 3252 4117 sint
3285 4058 3613 4130 recipiendi,

2045 4156 2139 4228 qui
2206 4157 2273 4211 ab
2338 4157 2498 4211 initio
2550 4157 2710 4212 istius
2767 4154 3210 4225 Quadragosima:
3259 4152 3603 4236 ieiunarttnt,

2050 4251 2251 4319 quippe
2283 4249 2427 4314 quod
2465 4264 2655 4303 eorum
2690 4248 3014 4303 exercitatio
3043 4246 3284 4316 perfecta
3313 4253 3395 4299 est
3421 4253 3474 4299 et
3510 4259 3614 4297 non

2051 4360 2116 4397 ex
2153 4351 2397 4412 tempore
2431 4340 2594 4396 facta.

2606 4518 3057 4576 CANONEXLVb

378 4638 401 4673 ι
432 4622 556 4675 Ὀτι
593 4620 674 4674 δεῖ
706 4622 830 4684 τοὺς
869 4619 1274 4690 φωτιζομένους
1443 4619 1629 4672 πίστιν
1666 4619 1941 4690 ικμανθά-

2059 4637 2078 4671 t
2110 4616 2262 4684 Quod
2294 4624 2509 4687 oportet
2532 4631 2627 4670 eos
2651 4614 2743 4685 qui
2771 4613 3080 4683 baptizandi
3117 4624 3268 4676 sunt,
3307 4611 3467 4666 fidem
3496 4611 3617 4664 edi-

454 4731 475 4765 ι
518 4730 630 4766 νειν
664 4712 775 4781 (67)
809 4713 905 4766 καὶ
934 4714 1001 4781 τῇ
1040 4712 1274 4782 Πέμπτῃ
1310 4710 1410 4779 τῆς
1441 4710 1731 4780 ἑϐδομάδος
1765 4716 1947 4784 ἀπαγ-

451 4825 470 4859 t
514 4806 724 4875 γέλλειν
754 4804 831 4875 τῷ
862 4805 1147 4873 ὲπισκόπῳ
1176 4804 1210 4875 ἢ
1244 4804 1356 4867 τοῖς
1385 4803 1798 4873 πρεσϐυτέροις.
1849 4826 1868 4858 ι

2131 4730 2149 4764 ι
2184 4726 2355 4771 scere,
2388 4721 2440 4763 et
2465 4708 2653 4778 quinta
2686 4707 3037 4761 hebdomadis
3066 4706 3194 4761 feria
3236 4707 3493 4775 episeopo
3539 4704 3621 4757 vel

2128 4825 2146 4858 t
2185 4804 2517 4875 presbyteris
2545 4802 2879 4857 renuntiare.
2925 4819 2944 4852 ›

1615 4898 1803 4959 Guill.
1841 4900 2165 4976 Beveregii
2205 4908 2392 4961 notis.

455 4998 565 5067 (6'7)
621 4998 751 5051 Ὅτι
796 4996 889 5049 δεῖ
921 4994 1063 5059 τοὺς
1086 4996 1540 5067 Δςρίυτιζομλὲνους
1575 4998 1691 5067 τὴν
1734 5002 1947 5056 πίστιν

379 5064 794 5135 ἐκμανθάνειν.
824 5067 1057 5121 Isidorus
1085 5064 1349 5120 Mercator
1383 5064 1644 5121 canonem
1685 5070 1825 5124 hunc
1864 5072 1944 5126 sic

383 5140 805 5209 interpretatur;
828 5136 1184 5209 Baptizandos
1200 5148 1405 5209 oportet
1427 5146 1475 5190 et
1499 5139 1619 5206 ﬁdei
1648 5141 1943 5209 symbolum

381 5210 599 5271 discere,
638 5221 687 5261 et
719 5207 902 5278 quinta
937 5206 1069 5275 feria
1108 5205 1311 5260 ultima:
1334 5209 1657 5278 septimana:
1678 5205 1771 5263 'vel
1801 5216 1943 5278 epis-

382 5294 508 5343 copo
565 5278 643 5332 vel
694 5277 993 5346 presbytero
1040 5277 1274 5346 reddere.
1334 5276 1453 5339 Ubi,
1498 5287 1557 5332 ut
1605 5280 1786 5333 videre
1832 5276 1938 5343 est,

382 5295 508 5343 copo
565 5295 642 5332 vet
694 5295 843 5346 presb
886 5295 993 5329 tero
1040 5295 1274 5329 reaaere.
1335 5295 1453 5339 UDI,
1498 5295 1557 5332 ut
1605 5295 1786 5333 vutere
1834 5295 1938 5343 est,

382 5350 567 5417 πίστιν
624 5350 780 5403 vertit
828 5295 982 5399 ἕωρὶ
1032 5345 1349 5415 symbolum,
1400 5357 1545 5402 recte
1589 5350 1827 5417 quidem.
1878 5352 1944 5405 Et

383 5416 489 5472 hoc
522 5417 665 5471 enim
694 5418 1030 5489 recitandum
1060 5426 1174 5470 erat
1198 5418 1455 5489 episcopo
1486 5427 1579 5470 aut
1607 5416 1940 5489 presbytero,

383 5489 697 5554 priusquam
731 5487 856 5556 quis
891 5487 1213 5554 baptizetur.
1281 5484 1431 5540 Unde
1473 5498 1531 5538 ut
1561 5484 1937 5544 cateeltumeni

382 5558 693 5623 baptizandi
750 5557 875 5610 illud
930 5556 1230 5610 doceantur
1282 5572 1309 5608 a
1347 5556 1575 5611 concilio
1626 5558 1939 5614 Bt-acarensi

383 5629 544 5679 etiam
599 5628 846 5680 edicitur.
906 5624 1117 5699 Placuit
1174 5626 1413 5699 omnibus
1465 5630 1741 5699 episcopis,
1782 5643 1946 5699 atque

1753 5698 1944 5754 dissec-

383 5783 464 5820 ses
502 5766 857 5830 ambulantes,
892 5764 1059 5831 primo
1094 5767 1378 5826 discutiant
1411 5770 1647 5830 clericos,
1684 5774 1940 5836 quomodo

385 5836 619 5891 ordinem
650 5837 894 5909 baptismi
923 5846 1149 5901 teneant,
1184 5839 1259 5892 vel
1293 5836 1600 5906 Missurum,
1635 5843 1682 5893 et
1714 5840 1941 5911 qualiter

2053 5017 2371 5072 quiscunque
2413 4998 2593 5068 Oﬁicia
2632 4996 3253 5072 intecclesiaperagant.
3300 4999 3363 5072 Et
3398 4997 3445 5048 si
3490 5009 3624 5051 recte

2052 5068 2257 5139 quidem
2286 5068 2626 5137 invenerunt,
2678 5068 2781 5134 Deo
2828 5069 3029 5135 gratias
3082 5080 3241 5136 agant
3270 5082 3287 5119 :
3320 5070 3399 5139 sin
3451 5078 3619 5120 mitem

2053 5144 2282 5201 minime,
2315 5142 2498 5193 docere
2535 5139 2721 5193 debent
2755 5140 3004 5208 ignaros,
3045 5146 3093 5191 et
3129 5142 3223 5191 hoc
3254 5138 3421 5189 modis
3454 5139 3624 5189 omni-

2049 5210 2142 5264 bus
2173 5212 2469 5277 prtrcipere,
2503 5212 2636 5263 sicut
2670 5209 2873 5271 antiqui
2902 5224 3125 5262 canones
3168 5209 3376 5276 jnbent,
3412 5217 3464 5258 ut
3498 5220 3620 5259 ante

2045 5282 2167 5335 dies.
2192 5282 2368 5351 viginti
2400 5279 2668 5351 baptismi,
2706 5279 2775 5351 ad
2805 5291 3162 5351 purgationem
3192 5278 3471 5351 erorcismi
3500 5295 3624 5328 Cult-

2046 5347 2264 5403 curran't
2293 5347 2664 5404 catechumeni.
2701 5348 2766 5401 In
2792 5348 2981 5415 quibus
3008 5350 3187 5417 viginti
3222 5347 3400 5399 diebus
3436 5365 3613 5400 omnes

2045 5421 2400 5474 catecliumeni
2446 5420 2757 5489 symbolum,
2793 5418 3095 5489 quodest,
3119 5418 3286 5472 Credo
3346 5418 3396 5469 in
3420 5417 3619 5489 _Deum

2043 5490 2259 5561 Patrent
2288 5487 2716 5561 omnipotentem,
2739 5488 3039 5557 specialiter
3063 5487 3369 5561 doceantur.
3407 5487 3619 5561 Concil.

2042 5562 2201 5616 Brztc.
2235 5560 2289 5619 2.
2326 5576 2378 5615 c.
2412 5557 2450 5614 ιζ
2500 5561 2642 5613 Idem
2692 5557 2805 5611 fere
2864 5571 2915 5608 et
2956 5573 2984 5608 τι
3041 5560 3274 5611 concilio
3326 5557 3615 5621 Agathensi

2044 5631 2375 5695 decernitur,
2413 5630 2721 5699 Symbolum
2742 5628 2898 5680 etiam
2929 5628 3129 5693 placuit
3161 5628 3491 5699 abeuntibus
3521 5631 3625 5679 hc-

2041 5702 2216 5755 clcsiis
2256 5717 2360 5753 una
2395 5697 2511 5762 die,
2547 5700 2599 5751 id
2640 5708 2748 5760 est,
2777 5706 2899 5750 ante
2925 5711 3039 5750 octo
3070 5701 3180 5752 dies
3217 5697 3501 5751 Dominiae
3531 5714 3623 5749 re-

2039 5772 2379 5825 surrectionis
2410 5771 2614 5839 publice
2647 5771 2701 5821 in
2731 5767 2949 5839 ecclesia
2978 5769 3387 5836 competentibus
3414 5769 3616 5839 prtedi~

2039 5842 2172 5895 cari.
2204 5837 2418 5897 Coucil.
2458 5840 2653 5910 Agatlt.
2688 5855 2813 5894 can.
2858 5837 2943 5892 I5.
