4052 6396
329 387 464 454 1413

1434 353 1440 359 ’
1467 384 1548 445 1N
1582 382 1751 473 οΑΝ.
1794 364 1920 445 ινι
1960 381 2171 445 conc.
2200 379 2421 453 mon.

3438 373 3575 443 1414

440 502 593 555 ΑΛΣ.
627 500 717 552 Ἐν
756 498 835 568 τῷ
879 496 954 552 κδ’
984 498 1076 552 καὶ
1119 502 1201 550 vn’
1229 495 1414 550 κανόνι
1453 495 1554 565 τῆς
1600 499 1654 559 ς’
1682 494 1900 547 συνόδου

2075 491 2267 547 BALS.
2324 491 2382 545 ln
2442 489 2697 545 viceslmo
2762 498 2960 557 quarto
3011 500 3066 544 et
3121 490 3575 560 quinquagesimo

323 591 644 662 διελάϐομεν
676 593 768 643 καὶ
798 591 928 661 περὶ
957 590 1065 643 τῶν
1100 592 1160 644 ἐν
1189 588 1267 659 τῷ
1300 588 1533 659 παρόντι
1564 586 1751 640 κανόνι
1780 585 1906 639 διει-

324 684 639 753 λημμένων.
671 684 781 736 Καὶ
811 681 1087 750 ἀνάγνωθι
1112 679 1287 734 ταῦτα
1313 698 1329 713 ·
1366 679 1642 751 μέμνηται
1673 678 1781 748 γὰρ
1812 678 1907 731 καὶ⁵

321 776 513 829 τούτου
523 815 539 830 .
1506 844 1513 851 ν

393 869 640 922 ΖΩΝΑΡ.
680 869 792 922 Καὶ
835 870 862 922 ό
904 868 982 922 κδ’
1012 867 1195 924 κανὼν
1231 869 1331 940 τῆς
1370 868 1539 941 ἕκτης
1581 871 1799 924 συνόδου
1836 871 1906 925 τὰ

280 976 283 981 ·
322 962 463 1013 αὐτὰ
500 962 872 1016 διατάττεται.
904 960 1122 1014 κωλύει
1159 961 1268 1033 γὰρ
1305 963 1559 1034 κάκεῖνος
1585 963 1711 1025 τοὺς
1748 965 1906 1034 lapte-

325 1053 521 1122 μένους
558 1056 650 1106 καὶ
680 1053 806 1114 τοὺς
843 1053 1113 1123 μοναχοὺς
1142 1054 1207 1123 Γἂν
1238 1053 1625 1125 ἱπποδρομίαις
1659 1056 1903 1109 ἀπιέναι.

322 1138 489 1207 Οὗτος
519 1145 575 1196 δὲ
605 1142 966 1214 γενικώτερον
995 1143 1118 1198 οὺδὲ
1152 1160 1304 1207 τινας
1335 1145 1568 1215 θεωρίας
1596 1143 1905 1197 διακελεύε-

320 1256 409 1290 ται
456 1238 714 1308 θεωρεῖν.
755 1236 880 1291 οὔτε
926 1240 985 1291 ἐν
1020 1238 1241 1307 γάμοις.
1268 1235 1391 1292 οὕτε
1437 1240 1495 1291 εν
1531 1238 1787 1300 δείπνοις.
1830 1238 1905 1292 Οὐ

319 1334 430 1401 γὰρ
460 1332 518 1382 ἐν
544 1334 743 1401 γάμοις
774 1332 936 1400 μόνον
959 1331 1205 1399 γίνονται
1238 1332 1541 1400 συμπόσια,
1568 1330 1702 1383 ἀλλὰ
1730 1334 1823 1383 καὶ
1849 1334 1906 1382 ὲν

322 1425 556 1493 ἑορταῖς,
591 1428 684 1476 καὶ
713 1427 769 1477 ὲν
796 1425 1111 1492 γενεθλίοις,
1144 1425 1239 1477 καὶ
1266 1424 1447 1483 ἄλλοις
1476 1423 1705 1493 ὁμοίοις,
1737 1422 1773 1476 ἃ
1801 1423 1854 1476 δε
1866 1423 1908 1473 ί-

323 1532 490 1578 πνους
518 1514 832 1585 ὠνόμασαν.
854 1518 1024 1568 Ὅταν
1047 1511 1158 1579 οὖν,
1191 1514 1345 1583 φησὶ,
1375 1514 1654 1584 κληθῶσιν
1680 1520 1762 1577 εἰς
1786 1532 1907 1566 τοσ-
1936 1530 1951 1576 ἡ

284 1605 460 1679 ,αὔτα
506 1609 783 1675 συμπόσια
829 1607 1095 1676 ίερατικοὶ
1142 1609 1234 1659 καὶ
1280 1605 1554 1677 κληρικοὶ,
1590 1608 1687 1661 καὶ
1725 1607 1906 1661 ῖδωσιν

1938 1680 1953 1728 '-
2007 1689 2273 1753 convivia,
2306 1690 2501 1760 inquit,
2526 1688 2958 1760 quandocunque
2987 1687 3126 1740 sacri
3155 1683 3359 1738 ordinis
3388 1682 3568 1737 homi-

321 1699 404 1749 ὅτι
454 1699 741 1766 θυμελικοὶ
793 1699 1080 1769 μέλλουσιν
1126 1698 1422 1764 εἰσελθεῖν,
1469 1699 1901 1770 ὲγειρέσθωσαν,

323 1788 417 1838 καὶ
455 1790 915 1857 ἁναχωρείτωσαν
947 1790 1053 1859 πρὸ
1085 1787 1179 1841 τοῦ
1220 1789 1464 1851 ἐκείνους
1494 1788 1604 1841 τῶν
1632 1791 1903 1857 παιγνίων

323 1883 417 1931 καὶ
446 1897 507 1948 γε
518 1882 820 1933 Αωτοποιῶν
849 1880 1222 1952 ἀπάρξασθαι.

325 2144 546 2197 ΑΡΙΣΤ.
614 2160 635 2196 ι
666 2145 770 2197 Τὸν
800 2144 983 2216 μέντοι
1013 2147 1312 2216 ἱερατικὸν,
1343 2147 1377 2218 ἢ
1408 2148 1671 2219 κληρικδν
1696 2148 1779 2203 δεῖ
1803 2147 1902 2203 καὶ

399 2242 405 2248 “
662 2235 771 2308 πρὸ
799 2237 898 2306 τῆς
929 2239 1171 2308 θυμέλης
1202 2240 1560 2311 ἀπέρχεσθαι.
1606 2261 1626 2294 ι

422 2329 793 2384 Απαιτοῦνται
815 2331 864 2383 oi
889 2330 1212 2399 Χριστιανοὶ
1234 2333 1314 2395 είς
1337 2335 1516 2403 γάμον
1535 2334 1900 2407 ἀπερχόμενοι

325 2421 538 2489 σεμνῶς
563 2422 801 2475 δειπνεῖν
829 2424 888 2475 ὲν
912 2423 1118 2486 αὐτοῖς,
1146 2423 1242 2477 καὶ
1274 2425 1351 2495 μὴ
1380 2425 1681 2496 ὀρχεῖσθαι,
1709 2427 1743 2497 ἢ
1775 2428 1904 2497 βαλ-

323 2513 522 2581 λίζειν,
552 2514 698 2567 τοῦτ’
723 2514 838 2568 ἔστι
869 2515 969 2580 τὰς
1005 2519 1195 2585 χεῖρας
1230 2520 1471 2586 κροτεῖν,
1503 2520 1596 2570 καὶ
1615 2517 1684 2571 δι’
1721 2519 1901 2573 αὐτῶν

324 2608 531 2659 κτύπον
564 2608 881 2662 ἀποτελεῖν·
916 2607 1074 2661 τοῦτο
1110 2609 1220 2678 γὰρ
1253 2608 1472 2673 ἀνάξιον
1506 2610 1900 2681 Χριστιανικῆς

325 2699 709 2762 καταστάσεως
734 2716 747 2729 ·
779 2701 906 2762 τοὺς
940 2700 1127 2770 μέντοι
1155 2701 1467 2771 ῖερατικοὺς
1501 2703 1635 2773 μηδὲ
1667 2704 1901 2775 θεωρίας

322 2791 473 2854 τινας
500 2791 559 2842 ἐν
584 2792 782 2859 γάμοις
809 2790 1055 2860 θεωρεῖν,
1077 2792 1214 2843 ἀλλὰ
1239 2792 1348 2862 πρὸ
1370 2793 1467 2846 τοῦ
1491 2793 1755 2849 εἰσελθεῖν
1777 2798 1902 2860 τοὺς

324 2882 649 2951 (θυμελικοὺς
674 2884 888 2937 ἐκεῖθεν
915 2886 1246 2954 ἀναχωρεῖν.

910 2975 1146 3027 ΚΑΝΩΝ
1184 2974 1312 3030 NE'.

329 3081 349 3117 ι
373 3066 493 3118 Ὅτι
532 3065 596 3117 ού
636 3064 718 3117 δεῖ
757 3065 1068 3133 ῖερατικοὺς
1106 3065 1141 3134 ἢ
1182 3066 1483 3136 κληρικοὺς
1520 3070 1586 3135 ἐκ
1623 3070 1901 3145 συμϐολῆς

460 3173 478 3206 ι
524 3157 802 3225 συμπόσια
832 3153 1134 3221 ἐπιτελεῖν,
1165 3155 1282 3208 ἀλλ’
1304 3157 1428 3210 οὐδὲ
1454 3159 1699 3224 λαῖκούς.
1722 3180 1765 3214 ν»

396 3243 589 3297 ΒΑΛΣ.
621 3242 696 3293 Τὸ
724 3243 1117 3312 συμποσιάζειν
1143 3244 1429 3315 παραίτιόν
1457 3249 1576 3302 ἐστι
1601 3251 1791 3324 μέθης.
1821 3254 1899 3325 Τῇ

323 3335 379 3386 δι
426 3335 566 3405 μέθῃ
608 3334 953 3406 παρέπονται
992 3335 1217 3401 ἀταξίαι
1256 3342 1348 3391 καὶ
1387 3343 1767 3415 ἀσχημοσύνη,
1805 3348 1902 3401 καὶ

325 3425 549 3487 ταύταις
590 3426 768 3497 ἔριδες
801 3428 896 3481 καὶ
929 3427 1065 3481 Θεοῦ
1096 3431 1527 3503 καταφρόνησις.
1561 3436 1904 3507 Διορίζονται

304 3514 419 3585 ⁸οὖν
454 3520 502 3571 οῖ
544 3519 784 3587 Πατέρες
824 3520 962 3589 μήτε
1001 3509 1356 3590 ἱερωμένους,
1400 3525 1540 3596 μήτε
1576 3528 1898 3600 κληρικοὺς,

330 3608 465 3675 μήτε
496 3607 715 3668 λαῖκοὺς
742 3607 855 3659 ἀπὸ
885 3608 1165 3670 συνδοσίας
1191 3612 1370 3663 ποιεῖν
1401 3612 1701 3679 συμπόσια.
1732 3615 1903 3669 Τοῦτο

324 3700 433 3768 γάρ
461 3700 607 3752 ἐστιν
638 3700 673 3766 ἡ
702 3698 971 3769 συμϐολὴ,
999 3698 1109 3752 ἀπὸ
1135 3701 1233 3753 τοῦ
1263 3701 1582 3771 συμϐάλλω,
1611 3705 1732 3775 ἦτοι
1763 3723 1902 3777 συμ-

326 3810 493 3845 πονω.

396 3885 640 3939 ΖΩΝΑΡ.
665 3885 804 3950 Τοὺς
833 3885 1196 3958 ἱερωμένους,
1226 3890 1320 3942 καὶ
1346 3891 1524 3946 πάντα
1549 3889 1610 3943 δὲ
1636 3891 1900 3962 Χριστια-

325 3980 415 4032 νὸν
458 3980 670 4047 σεμνῶς
712 3978 818 4050 χρὴ
856 3980 1031 4051 βιοῦν.
1076 3979 1150 4034 Τὸ
1190 3980 1248 4036 δὲ
1292 3984 1359 4039 ἐκ
1402 3983 1679 4055 συμϐολῆς
1724 3988 1898 4041 ποιεῖν

327 4075 603 4142 συμπόσια
620 4111 636 4136 ,
665 4074 833 4144 ἤγουν
865 4076 1073 4149 πολλῶν
1099 4076 1353 4131 διδόντων
1379 4075 1724 4147 νομίσματα,
1755 4079 1895 4132 ὥστε

326 4164 398 4217 δι’
419 4165 600 4219 αὐτῶν
623 4166 875 4235 γενέσθαι
898 4169 1175 4239 τραπέζας
1202 4170 1396 4240 ἁϐρὰς,
1423 4170 1666 4240 κωλύειξό
1692 4170 1893 4235 κανὼν,

325 4256 399 4319 ὡς
439 4257 607 4327 μέθης
648 4260 742 4311 καὶ
778 4256 1117 4327 ἁδδηφαγίας
1153 4259 1249 4315 καὶ
1289 4260 1468 4315 ἄλλων
1501 4260 1895 4331 ἀσχημοουνῶν

326 4348 516 4400 αἴτιον.

327 4616 547 4669 ΑΡΙΣΤ.
614 4634 634 4667 ι
686 4617 943 4688 Ἐράνους
1001 4616 1126 4672 οὔτε
1186 4619 1371 4682 λαῖκδς
1428 4617 1552 4671 οὔτε
1634 4619 1889 4691 κληρικδς

890 4724 907 4758 t
946 4709 1238 4763 ὲκτελέσει.
1278 4728 1301 4761 ι

397 4796 571 4865 Χάριν
599 4796 901 4867 συμποσίου
945 4796 1068 4851 οὕτε
1108 4799 1366 4871 κληρικὸς
1397 4798 1520 4855 οὔτε
1547 4799 1730 4857 nixa:
1773 4819 1893 4856 ποι-

328 4890 550 4958 ήσονται
582 4886 795 4959 ἔρανον.

901 4981 1137 5035 κΑΝοΝ
1166 4983 1312 5050 Νςν.

335 5091 352 5123 ι
391 5074 513 5125 Ὀτι
542 5072 605 5125 οὗ
632 5071 715 5126 δεῖ
741 5073 1137 5143 πρεσϐυτέρους
1155 5075 1261 5144 πρὸ
1285 5075 1384 5146 τῆς
1413 5075 1618 5130 εἰσόδου
1645 5076 1737 5131 τοῦ
1765 5078 1892 5132 ἐπι-

405 5183 426 5215 ι
461 5165 665 5218 caduco
693 5165 921 5217 εἰσιέναι
951 5166 1045 5218 καὶ
1098 5164 1420 5230 καθέζεσθαι
1463 5169 1522 5221 ὲν
1559 5167 1636 5237 τῷ
1665 5167 1894 5238 βήματι,

403 5272 427 5308 ε
461 5256 594 5309 ἀλλὰ
622 5257 762 5326 μετὰ
804 5257 897 5309 τοῦ
926 5257 1223 5310 ἐπισκόπου
1276 5258 1502 5311 εἰσιέναι
1521 5279 1535 5292 ·
1580 5261 1720 5332 πλὴν
1741 5264 1792 5315 εἰ
1819 5261 1896 5335 μὴ

408 5366 425 5396 ι
463 5346 830 5417 ἀνωμαλοίηῆ
859 5347 1128 5418 suoth
1172 5351 1203 5402 ὁ
1229 5348 1545 5414 ἐπίσκοπος.
1586 5370 1607 5404 ι

404 5438 600 5493 ΒΑΛΣ.
631 5438 737 5491 Καὶ
760 5440 1032 5510 πανταχοῦ
1063 5441 1123 5494 τὸ
1145 5442 1241 5510 τῆς
1264 5442 1513 5507 εὐταξίας
1544 5443 1706 5497 καλὶν
1738 5445 1892 5499 πολι-

2008 585 2181 656 primo
2212 598 2420 638 canone
2444 591 2611 636 sextae
2639 582 2830 652 synodi
2858 581 2924 635 de
2954 581 3022 636 iis
3055 597 3269 651 quoque
3314 579 3574 636 tractavi-

2005 694 2145 742 mus,
2176 691 2298 746 (με
2333 676 2387 730 in
2414 675 2668 745 praesenti
2699 687 2905 728 canone
2928 681 3159 728 tractata
3190 681 3336 727 sunt.
3364 672 3432 727 Et
3458 671 3575 740 lege

2003 784 2065 824 ea
2093 784 2107 821 :
2141 768 2300 836 hujus
2328 769 2472 822 enim
2500 765 2885 821 meminerunt.

2074 858 2325 915 ZONAR.
2356 857 2558 912 Eadem
2584 865 2749 910 sexta:
2775 871 2990 925 quoque
3040 854 3231 926 synodi
3286 854 3567 909 vicesimo-

2005 964 2199 1022 quarto
2230 967 2434 1005 canone
2459 949 2862 1020 praecipiuntur.
2899 946 3107 1016 Quippe
3133 946 3303 1001 sacris
3328 947 3574 1000 initiatos

2007 1046 2253 1100 homines
2278 1059 2341 1099 ac
2379 1043 2672 1098 monachos
2702 1043 2754 1096 in
2782 1041 3193 1111 hippodromum
3219 1041 3509 1094 convenire
3528 1040 3572 1091 is

2006 1154 2179 1193 canon
2210 1144 2375 1193 vetat.
2395 1137 2645 1201 Hic,vero
2672 1135 2844 1204 magis
2872 1134 3122 1188 universe
3155 1147 3249 1186 eos
3273 1131 3431 1185 nullis
3454 1146 3567 1184 0m-

2006 1230 2133 1284 nino
2161 1227 2509 1300 spectaculis,
2542 1244 2641 1283 nec
2671 1229 2723 1282 in
2767 1225 2971 1296 nuptiis
3004 1240 3105 1279 nec
3138 1226 3191 1278 iu
3242 1224 3436 1284 caenis.
3492 1226 3575 1276 in-

2008 1330 2209 1377 teresse
2234 1322 2398 1377 licere
2427 1320 2692 1376 decernit.
2718 1319 2827 1374 Nec
2853 1318 2998 1373 enim
3025 1316 3080 1371 in
3109 1317 3308 1385 nuptiis
3339 1325 3573 1369 tantum-

2008 1415 2194 1481 modo,
2229 1416 2325 1471 sed
2357 1416 2410 1469 in
2444 1414 2600 1469 festis
2631 1426 2841 1482 quoque
2867 1411 3276 1467 celebritatibus
3302 1418 3355 1461 et
3380 1407 3567 1460 natali-

2009 1506 2097 1560 tiis
2129 1515 2183 1560 et
2213 1506 2334 1560 aliis
2363 1505 2691 1575 hujusmodi,
2722 1518 2842 1573 quae
2882 1517 3053 1558 CthB
3084 1499 3348 1555 vocabulo
3374 1498 3575 1568 signiti-

2006 1597 2472 1651 cavereconvivia
2516 1596 2894 1651 instituuntur.
2938 1593 3020 1647 Ad
3069 1591 3377 1662 hnjnsmodi
3412 1591 3573 1658 igitur

2007 1800 2103 1840 nes
2133 1794 2188 1839 et
2210 1784 2392 1839 clerici
2419 1783 2666 1839 advocati
2697 1781 2923 1844 fuerint,
2955 1779 3043 1835 ubi
3077 1779 3311 1851 primum
3347 1778 3563 1847 thyme-

1930 1840 1972 1900 Β
2001 1874 2138 1932 licos
2184 1878 2523 1945 ingressurus
2558 1873 3056 1939 animadverterint,
3088 1872 3187 1944 ipsi
3214 1879 3570 1940 consurgant,

1999 1979 2167 2033 seque
2216 1965 2384 2033 illico,
2444 1966 2761 2037 priusquam
2820 1962 3027 2018 ludicra
3084 1961 3175 2016 illa
3216 1968 3269 2015 et
3321 1959 3568 2016 scurrilia

2002 2056 2345 2125 inclinentur,
2377 2060 2501 2127 inde
2527 2060 2852 2115 Subducant.

1998 2144 2231 2200 ARIST.
2276 2165 2297 2200 ι
2348 2146 2630 2204 Sacratum
2655 2145 2876 2217 quidem
2926 2150 2982 2199 et
3035 2140 3297 2198 clericum
3355 2148 3571 2209 oportet

2075 2252 2096 2288 ι
2130 2236 2294 2291 etiam
2326 2247 2453 2294 ante
2482 2253 2703 2293 scenam
2728 2238 2898 2293 exire.
2938 2256 2959 2290 ι

2069 2325 2365 2385 Christiani
2413 2331 2479 2385 ad
2529 2332 2747 2403 nuptias
2792 2333 3069 2389 venientes
3098 2330 3341 2387 modeste
3375 2345 3427 2383 m
3464 2326 3569 2382 illis

2000 2431 2217 2474 cmnare
2253 2431 2563 2489 monentur,
2597 2432 2650 2479 ot
2676 2438 2782 2477 non
2832 2425 3032 2480 saltare
3071 2434 3163 2479 aut
3207 2424 3434 2485 hallare,
3469 2424 3569 2476 hoc

2000 2519 2106 2576 est,
2129 2526 2323 2567 manus
2352 2513 2605 2583 plaudere
2653 2526 2706 2570 et
2753 2532 2849 2589 per
2888 2533 2982 2573 eas
3031 2518 3313 2589 strepitum
3366 2518 3566 2569 facere.

2002 2601 2115 2659 Hoc
2167 2608 2311 2659 enim
2343 2605 2652 2663 Christiana
2707 2604 3093 2666 constitutione
3137 2621 3219 2665 est
3266 2608 3568 2678 indignum.

2002 2694 2072 2748 At
2101 2706 2341 2750 sacratos
2362 2712 2535 2766 neque
2560 2701 2868 2769 spectacula
2896 2702 3002 2755 ulla
3036 2702 3088 2756 in
3122 2701 3325 2770 nuptiis
3348 2701 3560 2765 videre,

2000 2785 2094 2840 sed
2120 2787 2432 2857 priusquam
2467 2789 2839 2859 ingrediantur
2868 2791 3181 2864 thymelici,
3228 2790 3377 2845 illinc
3409 2805 3563 2845 rece-

2000 2874 2130 2929 dere
2158 2886 2391 2945 oportet.

2591 2970 2824 3026 CANON
2856 2964 2970 3027 LV.

2005 3056 2187 3125 «Quod
2215 3075 2319 3115 non
2346 3071 2593 3130 oporteat
2615 3074 2856 3121 sacratos
2874 3074 2928 3122 et
2948 3066 3177 3121 clericos
3197 3081 3263 3121 ex
3285 3064 3569 3123 collatione

2078 3170 2096 3202 ι
2131 3151 2379 3206 convivia
2416 3168 2694 3224 peragere,
2721 3155 2818 3212 sed
2850 3172 3023 3228 neque
3046 3158 3231 3215 laicos.
3261 3177 3278 3211 ι

2070 3239 2268 3296 BALS.
2300 3241 2572 3299 Convivar
2632 3249 2910 3303 ebrietatis
2949 3264 3109 3305 causa
3156 3261 3255 3307 est.
3289 3249 3420 3306 Eam
3469 3267 3568 3306 au-

2002 3343 2110 3389 tem
2132 3347 2531 3406 consequuntur
2556 3340 2848 3410 petulantia
2874 3351 2928 3397 et
2947 3343 3232 3398 insolentia
3260 3360 3275 3397 :
3299 3360 3392 3400 eas
3415 3360 3565 3412 vero,

2001 3427 2122 3483 lites
2148 3436 2205 3483 et
2245 3428 2339 3485 Dei
2387 3440 2749 3502 contemptus.
2782 3418 3058 3490 Statuunt,
3082 3452 3208 3503 ergo
3253 3435 3459 3505 Patres,
3499 3450 3559 3492 ut

2002 3538 2180 3592 neque
2208 3525 2433 3593 sacrati,
2468 3541 2642 3597 neque
2670 3528 2851 3582 clerici
2892 3543 3071 3599 neque
3103 3530 3260 3594 laici,
3302 3546 3367 3585 ex
3404 3531 3568 3585 colla-

2002 3616 2146 3672 tione
2171 3618 2413 3671 convivia
2464 3617 2684 3673 faciant.
2719 3617 2971 3690 Συμϐολὴ
3003 3622 3150 3675 enim
3192 3631 3275 3676 est
3319 3622 3557 3689 collatio,

1999 3719 2031 3758 a
2062 3705 2229 3760 verbo
2266 3706 2586 3777 συμϐάλλω,
2611 3708 2753 3779 quod
2781 3709 3051 3781 signiﬁcat
3077 3711 3319 3769 confero.

2067 3883 2315 3942 ZONAB.
2343 3884 2410 3940 Et
2439 3901 2537 3943 eos
2561 3888 2651 3959 qui
2680 3888 2733 3943 in
2763 3903 2978 3946 sacrum
3024 3892 3270 3949 ordinem
3323 3899 3561 3966 cooptati

1996 3988 2148 4043 sunt,
2194 3987 2249 4033 et
2289 3976 2627 4034 Christianos
2672 3996 2880 4047 omnes,
2935 3982 3167 4040 honeste
3217 3987 3563 4058 graviterque

1996 4071 2163 4125 vitam
2192 4070 2472 4125 instituere
2503 4086 2599 4141 par
2635 4082 2740 4127 est.
2776 4069 2947 4145 Igitur
2977 4088 3045 4129 ex
3088 4077 3350 4147 symbols:
3390 4079 3561 4135 colla-

1997 4162 2163 4227 tione,
2188 4160 2301 4219 hoc.
2314 4171 2418 4228 est,
2441 4179 2468 4215 a
2495 4164 2760 4235 pluribus,
2792 4175 2847 4219 ut
2870 4180 3070 4223 mensa:
3095 4170 3375 4236 exquisitis
3390 4173 3562 4241 epulis

1994 4252 2354 4319 instruantur,
2396 4253 2563 4325 579
2611 4256 2837 4325 pecunia
2887 4255 3081 4313 collata
3120 4262 3363 4317 conviVia
3392 4279 3559 4334 appa-

1994 4344 2142 4422 rari;
2178 4347 2322 4413 quod
2352 4360 2414 4401 ea
2448 4361 2537 4402 res
2569 4346 2849 4402 ebrietatis
2884 4348 3305 4422 voracitatisque
3333 4369 3398 4410 ac
3434 4357 3560 4412 alio.

1995 4418 2112 4487 rum
2156 4434 2443 4489 criminum
2481 4450 2701 4492 causam
2750 4437 3025 4509 praebeat;
3071 4418 3233 4498 nullo
3267 4446 3427 4500 modo
3472 4448 3559 4505 hic

1925 4516 1973 4574 ο
1997 4538 2172 4579 canon
2202 4525 2362 4579 licere
2390 4526 2652 4582 decernit.

2000 4616 2225 4674 ARIST.
2252 4636 2273 4672 ι
2301 4618 2554 4676 Convivia
2582 4636 2649 4677 ex
2680 4623 2890 4681 collatis
2912 4586 3168 4700 symbolis
3192 4646 3366 4705 neque
3389 4634 3561 4693 laicus

2034 4740 2039 4744 -
2074 4727 2093 4760 ι
2134 4723 2310 4780 neque
2340 4711 2566 4767 clericus
2601 4715 2912 4772 celebrabit.
2959 4735 2979 4771 ι

2064 4797 2491 4868 Compotatiunis
2517 4804 2689 4871 gratia
2714 4820 2818 4861 nec
2840 4807 3069 4865 clericus
3109 4827 3208 4869 nec
3246 4813 3418 4873 laicus
3446 4818 3557 4874 col-

1922 4932 1925 4939 ε
1994 4889 2247 4949 lationem
2278 4892 2460 4951 faciat.

2578 4986 2808 5047 CANON
2842 4990 2973 5050 LVI.

2002 5074 2211 5141 t‘Quod
2245 5090 2350 5132 non
2379 5087 2590 5146 oportet
2634 5082 2973 5153 presbyteros
3022 5095 3146 5141 ante
3191 5088 3427 5159 episcopi
3473 5091 3556 5145 ln-

2069 5185 2088 5219 ι
2130 5169 2352 5222 troitum
2377 5169 2585 5238 ingredi
2611 5180 2663 5224 et
2691 5174 2878 5228 sedere
2911 5174 2962 5228 in
2997 5179 3273 5245 sacrario,
3306 5182 3400 5237 sed
3433 5199 3554 5238 cum

2070 5279 2090 5314 ι
2129 5262 2384 5331 episcopo
2433 5263 2677 5332 ingredi;
2740 5265 2843 5319 nisi
2900 5264 3037 5323 forte
3085 5269 3399 5329 inﬁrmitate
3424 5276 3548 5329 deti-

2071 5370 2093 5404 ι
2136 5364 2351 5418 ocatur,
2380 5354 2467 5409 vel
2495 5369 2718 5426 peregre
2754 5358 3029 5426 prolectus
3075 5361 3147 5416 sit
3187 5362 3489 5435 episcopus.
3529 5385 3551 5421 ι

2060 5445 2255 5500 BALS.
2287 5444 2489 5501 Bonum
2519 5448 2732 5516 quidem
2761 5451 3003 5505 ordinem
3044 5453 3238 5523 ubique
3267 5470 3386 5512 esse
3439 5460 3565 5529 pul--

328 5529 582 5581 τεύεσθαι
612 5528 761 5595 ἄξιον
783 5545 799 5563 ο
833 5528 1010 5599 πολλῷ
1041 5531 1096 5583 δὲ
1140 5532 1301 5586 πλέον
1347 5536 1404 5586 ἐν
1435 5534 1771 5604 ίερωμένοις.
1799 5538 1890 5591 Διὸ

1997 5532 2185 5587 chrum
2208 5541 2291 5589 est
2325 5550 2340 5589 :
2370 5535 2465 5590 sed
2491 5534 2666 5591 multo
2700 5539 2870 5608 magis
2894 5539 2948 5595 in
2975 5540 3041 5596 iis
3063 5544 3153 5612 qui
3177 5556 3299 5600 sunt
3333 5528 3533 5603 Sacrati

226 5682 243 5689 -
329 5620 424 5673 καὶ
454 5618 751 5672 κωλύουσιν
781 5621 831 5674 οί
858 5622 1095 5691 Πατέρες
1120 5626 1241 5685 τοὺς
1292 5624 1689 5696 πρεσϐυτέρους
1722 5644 1888 5680 κατα-

330 5711 546 5780 φρονεῖν
566 5708 658 5762 τοῦ
684 5711 1006 5783 δπισκόπου,
1043 5713 1135 5768 καὶ
1166 5713 1271 5782 πρὸ
1290 5711 1387 5779 τῆς
1415 5712 1620 5765 εἰσόδου
1645 5714 1889 5785 εἰσέρχε-

333 5800 453 5855 σθαι
478 5804 536 5855 ἐν
564 5800 641 5871 τῷ
669 5802 897 5873 βήματι,
925 5805 1017 5858 καὶ
1038 5803 1358 5869 καθέζεσθαι
1384 5821 1397 5835 ο
1434 5804 1569 5859 ἀλλὰ
1592 5804 1892 5880 -εἱσοδεύειν

1998 5621 2065 5677 Ει
2091 5624 2207 5680 ideo
2237 5623 2424 5680 Patres
2450 5622 2738 5695 prohibent
2770 5631 3134 5702 presbyteros,
3164 5650 3229 5689 ne
3249 5634 3548 5709 episcopum

1996 5724 2371 5781 contemnant,
2400 5725 2601 5772 etante
2624 5718 2741 5788 ejus
2801 5720 3077 5776 introitum
3132 5730 3429 5785 sacrarium
3476 5732 3561 5786 in-

1997 5806 2306 5885 grediantur
2331 5816 2384 5864 et
2428 5810 2647 5869 sedeant
2678 5827 2693 5877 ;
2725 5813 2817 5869 sed
2874 5830 2977 5871 una
3014 5831 3134 5872 cum
3186 5820 3434 5891 epist-apo
3478 5825 3560 5877 iu-
