4052 6412
441 402 574 462 1415

1698 403 1975 460 ΤῌΕω).
2011 358 2405 461 BALSAMUN

3538 399 3674 464 1416

434 524 664 567 troeant.
701 512 854 577 Quod
889 510 935 567 si
992 510 1113 579 quis
1176 509 1543 565 inﬁrmitatem
1600 513 1857 566 obtendat
1912 512 1992 565 vel

2102 516 2240 582 μετά
2266 515 2361 568 τοῦ
2391 518 2712 571 ἐπισκόπου.
2774 518 2865 577 Ὧς
2895 517 2951 569 δέ
3003 534 3146 577 τινος
3179 513 3491 586 ἀρρωστίαν
3537 531 3674 580 προ⁴

431 605 667 674 episcopi
707 602 1188 672 peregrinationem
1228 616 1242 653 :
1277 599 1527 654 dixerunt
1573 600 1837 668 ejusmodi
1868 616 1997 655 cau-

432 714 520 750 sas
547 712 665 749 esse
681 696 876 761 justas,
905 701 958 747 et
1008 691 1305 746 sacerdotis
1363 694 1417 746 in
1472 692 1698 746 chorum
1759 692 1994 763 priorem

432 793 720 840 adventum
757 802 859 837 non
899 784 1218 851 impediunt.

501 876 757 931 ZONAR.
798 876 1076 929 Summam
1137 890 1167 927 a
1224 873 1362 926 sacri
1423 872 1630 926 ordinis
1687 873 1998 928 hominibus

434 973 707 1025 modestia:
740 971 1005 1022 rationem
1039 966 1225 1020 haberi
1260 966 1491 1019 maxime
1540 967 1712 1019 decet.
1762 964 1995 1035 Presby-

434 1084 576 1125 teros
611 1084 790 1136 porro,
818 1082 926 1136 quo
958 1077 1198 1133 tempore
1248 1064 1532 1131 episcopus
1579 1065 1641 1115 ad
1698 1062 1869 1115 altare
1907 1079 1997 1116 ac-

431 1178 681 1218 oessurus
717 1171 797 1214 est
826 1200 840 1219 .
886 1168 1012 1212 ante
1042 1159 1186 1211 illum
1218 1157 1424 1225 ingredi
1463 1157 1642 1225 ibique
1686 1154 1873 1209 sedere
1898 1195 1915 1219 ,
1946 1163 2000 1208 ct

434 1259 582 1310 illum
606 1256 777 1309 solum
812 1253 1150 1320 relinquere,
1205 1260 1293 1302 aut
1344 1253 1499 1318 paulo
1552 1258 1671 1315 post
1720 1247 1997 1301 introitmn

433 1349 610 1400 facere
639 1387 654 1409 ,
697 1343 1010 1410 petulantiae
1045 1339 1301 1408 quiddam
1354 1340 1664 1408 summique
1712 1337 1994 1391 sacerdotii

435 1447 803 1505 contemptum
838 1433 1095 1488 ostendit.
1135 1432 1190 1485 1d
1216 1446 1344 1498 ergo
1396 1444 1570 1485 canon
1639 1428 1751 1482 ﬁeri
1806 1438 1993 1482 vetat:

432 1547 553 1584 rum
583 1530 835 1599 episcopo
866 1541 993 1579 Vero
1025 1523 1189 1579 simul
1229 1524 1433 1593 ingredi
1488 1523 1795 1577 sacerdotes
1822 1564 1835 1585 ,
1891 1520 1995 1573 nisi

433 1624 552 1691 quis
581 1622 719 1677 forte
754 1619 1071 1687 intemperie
1108 1656 1122 1679 ,
1157 1616 1257 1669 hoc
1315 1625 1419 1677 eSI,
1458 1615 1773 1683 aegritudine
1819 1611 1995 1679 aliqua

434 1729 705 1777 teneatur,
764 1726 937 1779 neque
996 1708 1296 1775 longiorem
1357 1706 1535 1759 standi
1588 1720 1793 1758 moram
1858 1703 1997 1755 ferre

432 1815 613 1876 queat,
650 1807 910 1860 decernit.
963 1800 1114 1866 Quod
1149 1798 1194 1853 si
1228 1799 1391 1851 etiam
1456 1811 1677 1865 peregre
1726 1796 1996 1863 protectus

433 1901 593 1953 fuerit
627 1900 874 1960 antistes,
919 1894 1165 1963 quamvis
1192 1890 1278 1943 alii
1337 1889 1470 1943 alios
1497 1928 1513 1952 ,
1551 1886 1677 1941 dum
1720 1888 1785 1939 ad
1832 1885 1999 1938 altare

434 1991 831 2059 ingrediuntur,
869 1992 1230 2044 antevertant,
1262 1978 1407 2035 nulla
1446 1992 1604 2032 exeo
1638 1991 1849 2031 summo
1908 1988 1997 2028 sa-

437 2084 645 2138 cerdoti
683 2084 919 2150 irrogata
956 2076 1149 2146 injuria
1176 2069 1595 2127 existimabitur.

432 2175 661 2232 ARIST.
701 2194 719 2225 ι
764 2173 1052 2241 Presbyter
1102 2164 1339 2220 tribunal
1392 2170 1520 2217 ante
1574 2160 1880 2230 episcopum
1933 2172 2000 2212 ne

519 2288 539 2321 ‹
582 2266 933 2337 ingrediatur,
966 2275 1142 2327 neque
1166 2257 1375 2312 sedeat.
1415 2273 1433 2306 ι

514 2362 781 2431 Episcopo
810 2363 1080 2427 praesente
1110 2359 1164 2406 et
1193 2350 1536 2404 ministrante
1589 2352 1714 2399 ante
1760 2342 1875 2412 ejus
1918 2340 2002 2394 in-

439 2458 658 2508 troitum
693 2450 976 2519 presbyter
1009 2444 1244 2499 tribunal
1281 2457 1387 2495 non
1419 2439 1785 2510 ingredietur,
1813 2443 1867 2487 et
1911 2447 1999 2486 sc-

436 2548 602 2602 dehit.
641 2544 753 2605 Hoc
804 2543 947 2598 enim
996 2546 1080 2593 est.
1129 2536 1335 2591 ordinis
1385 2529 1729 2588 conturbatio
1776 2540 1831 2582 et
1873 2540 2002 2580 con-

438 2643 597 2696 fusio.

994 2715 1223 2773 CANON
1282 2712 1441 2769 LVII.

442 2839 461 2872 ι
503 2817 654 2885 Quod
687 2829 794 2869 non
826 2819 1038 2880 oportet
1070 2810 1120 2861 in
1149 2806 1280 2859 vicis
1334 2814 1387 2857 et
1438 2799 1748 2870 regionibus
1795 2798 2003 2867 episco-

514 2930 533 2964 ι
569 2925 663 2980 pos
710 2904 985 2968 constitui,
1019 2904 1112 2957 sed
1145 2899 1462 2955 circuitores
1497 2915 1507 2948 :
1539 2910 1633 2948 eos
1656 2903 1834 2946 autem
1867 2932 1882 2955 ,
1906 2890 1999 2959 qui

517 3025 535 3057 ‹
579 3004 728 3072 prius
750 2997 1024 3053 constituti
1058 2993 1295 3055 fuerunt,
1325 2989 1456 3044 nihil
1492 3003 1653 3055 agere
1709 2987 1825 3038 sine
1874 3000 2005 3037 con-

518 3114 537 3147 ι
573 3107 732 3148 sensu
784 3085 1024 3155 episcopi
1084 3081 1342 3138 civitatis.
1400 3077 1663 3134 Similiter
1726 3084 1903 3128 aiitcm
1949 3085 2003 3126 et

513 3200 532 3231 ε
575 3178 917 3247 presbyteros
988 3171 1121 3226 nihil
1172 3184 1330 3239 agere
1402 3168 1518 3220 sine
1574 3178 1833 3219 consensu
1889 3161 2071 3246 epi-c

515 3286 532 3319 Ι
574 3280 723 3319 εευυι
735 3304 748 3318 .
784 3282 802 3315 ι

515 3286 532 3319 Ι
710 3282 748 3318 1.
784 3282 802 3315 ι

734 3356 837 3411 Alii
876 3353 1094 3424 quidem
1130 3365 1366 3405 canones
1418 3351 1469 3404 in
1504 3350 1637 3404 vicis
1687 3360 1741 3404 et
1770 3344 2001 3415 regioni-

442 3459 542 3509 bus
599 3449 1016 3517 chorepiscopos
1092 3454 1145 3498 et
1194 3444 1537 3514 presbyteros
1594 3438 2001 3497 constituendos

439 3546 764 3599 deﬁnierunt
801 3558 815 3595 :
849 3553 1083 3609 praesens
1108 3550 1286 3590 autem
1319 3551 1488 3589 canon
1507 3535 1655 3605 jubet
1686 3534 2002 3589 circuitores

442 3634 579 3695 ﬁeri,
601 3642 657 3685 et-
687 3646 790 3683 non
822 3628 1144 3697 episcopos;
1174 3642 1241 3680 ne
1275 3625 1505 3695 dignitas
1524 3624 1842 3692 episcopalis
1880 3622 1999 3675 vdis

438 3737 491 3779 et
524 3731 832 3792 contempta
868 3720 1078 3786 evadat,
1114 3727 1297 3787 utpote
1328 3732 1448 3771 cum
1480 3733 1583 3769 non
1621 3718 1812 3771 haheat
1833 3718 1999 3783 regio,

440 3818 491 3869 iu
528 3831 630 3884 qua
657 3814 935 3867 ordinatus
960 3821 1044 3864 est
1090 3810 1393 3879 episcopus,
1428 3807 1704 3861 hominum
1761 3806 2002 3859 multitu-

437 3908 620 3961 dinem
651 3909 716 3958 ad
757 3903 848 3957 Dei
874 3913 926 3955 et
953 3902 1292 3970 episcopatus
1320 3901 1600 3953 honorem.
1645 3898 1700 3951 Si
1756 3899 1846 3967 qui
1905 3914 1997 3950 au~

442 4010 568 4063 tem,
604 3997 796 4065 inquit,
830 4005 954 4047 ante
987 4007 1247 4046 cauonem
1281 4002 1407 4046 sunt
1436 3992 1488 4045 in
1518 3991 1598 4043 bis
1630 3990 1763 4044 locis
1795 3990 1998 4044 consti-

442 4089 539 4141 tuti
575 4087 833 4155 episcopi,
867 4098 936 4137 ne
969 4083 1283 4152 ejiciantur;
1340 4082 1436 4136 sed
1482 4082 1660 4136 omnia
1714 4092 2000 4136 exerceant

440 4194 561 4233 cum
596 4177 821 4232 scientia
853 4172 1276 4240 metropolitani,
1306 4173 1395 4241 qui
1426 4187 1517 4226 eos
1552 4173 1835 4225 ordinavit.
1894 4171 1997 4225 Sed

439 4282 494 4324 et
516 4267 836 4337 presbyteri,
872 4265 1069 4332 inquit,
1098 4264 1229 4317 nihil
1257 4273 1416 4334 agant
1441 4263 1556 4317 sine
1589 4277 1850 4317 consensu
1883 4262 1999 4331 epi-

439 4362 606 4430 scopi.
636 4358 755 4411 Haec
788 4358 1108 4410 decernente
1139 4372 1364 4421 canone,
1397 4357 1594 4411 dixerit
1633 4356 1898 4424 quispiam
1930 4370 1994 4407 ex

438 4454 557 4519 ejus
589 4451 935 4519 intelligentia
968 4448 1330 4515 conjecturam
1383 4447 1624 4513 faciens,
1675 4447 1812 4515 quod
1866 4462 1999 4512 qun-

2099 604 2424 672 ϐαλλομένου
2470 608 2502 674 ἢ
2552 610 2861 677 ἀποδημίαν
2890 608 2985 660 τοῦ
3028 608 3349 669 ἐπισκόπου,
3401 603 3553 657 εἷπον
3601 606 3674 657 τὰ

2096 698 2318 751 τοιαῦτα
2338 701 2483 752 αἴτια
2530 699 2726 769 εὔλογα
2756 691 2914 765 εἶναι,
2960 700 3053 752 καὶ
3080 703 3181 767 τὴν
3211 697 3436 767 πρόοδον
3465 697 3565 766 τὴν
3592 700 3671 758 εἰς

2098 790 2158 841 τὸ
2184 789 2333 859 βῆμα
2358 791 2452 843 τοῦ
2501 794 2687 861 ἱερέως
2727 794 2827 845 οὐκ
2856 791 3252 861 ἐμποδίζουσιν.

2168 884 2411 939 ΖΩΝΑΡ.
2445 887 2631 937 Πᾶιαν
2676 885 2927 948 εὐταξίαν
2983 887 3041 936 ἐν
3094 886 3201 944 τοῖς
3238 881 3554 951 ἱερωμένοις
3592 882 3676 932 δεῖ

2098 974 2496 1028 πολιτεύεσθαι.
2539 978 2610 1027 Τὸ
2636 976 2715 1035 δέ,
2751 976 2844 1029 τοῦ
2876 975 3176 1029 ἐπισκόπου
3212 974 3499 1043 μέλλοντος
3525 975 3676 1023 cirro-

2098 1066 2272 1119 δεύειν
2337 1070 2415 1129 εἰς
2460 1069 2519 1119 τὸ
2582 1068 3006 1137 θυσιαστήριον,
3070 1068 3195 1127 τοὺς
3259 1063 3674 1136 πρεσϐυτέρους

2100 1160 2547 1229 προεισέρχεσθαι
2602 1160 2697 1211 καὶ
2731 1159 3001 1227 καθῆσθαι
3047 1159 3182 1220 ἐκεῖ,
3227 1156 3478 1208 κάκεῖνον
3505 1154 3673 1222 μόνον

2097 1254 2213 1321 ἐᾷν,
2236 1252 2268 1321 ἢ
2308 1252 2427 1319 μετ’
2453 1250 2632 1317 ὀλίγον
2659 1250 2758 1317 τὴν
2787 1249 2992 1303 εἴσοδον
3024 1251 3201 1300 ποιεῖν
3222 1287 3234 1307 ,
3267 1245 3495 1308 ἀταξίας
3522 1241 3669 1305 ἐστὶ,

2097 1346 2191 1397 καὶ
2223 1346 2303 1407 είς
2360 1344 2764 1413 καταφρόνησιν
2798 1340 2892 1394 τοῦ
2947 1340 3276 1411 ἀρχιερέως.
3314 1336 3403 1388 Διὸ
3462 1334 3672 1388 κωλύει

2095 1437 2253 1489 τοῦτο
2305 1439 2332 1489 ὁ
2361 1436 2579 1488 κανώνο
2633 1434 2961 1488 συνεισιέναι
2994 1435 3051 1486 δὲ
3103 1433 3183 1501 τῷ
3226 1430 3509 1498 ἐπισκὸπῳ
3541 1430 3701 1490 τοὺς,

2100 1527 2261 1593 ἱερεῖς
2281 1526 2592 1595 διορίζεται,
2618 1528 2662 1577 εἰ
2697 1527 2769 1596 μή
2796 1525 2897 1579 πού
2919 1543 3002 1588 τις
3026 1523 3323 1593 ἀνωμάλως
3343 1523 3478 1591 ἔχει,
3500 1523 3680 1591 ἤγουν

2098 1616 2464 1688 νοσηλεύεται,
2491 1619 2584 1669 καὶ
2607 1619 2667 1669 ού
2694 1617 2918 1669 δύναται
2954 1616 3046 1669 ἐπὶ
3078 1616 3213 1668 πολὺ
3247 1613 3522 1667 ἵστασθαι.
3558 1612 3678 1663 Καὶ

2096 1710 2184 1763 ὅτε
2214 1709 2269 1761 δὲ
2305 1710 2574 1779 ἀποδημεῖ
2617 1712 2644 1761 ὁ
2667 1709 2977 1780 ἀρχιερεὺς,
3007 1709 3105 1759 οὐκ
3143 1709 3222 1768 εἰς
3258 1693 3685 1773 κατάφρόνησιν

2096 1800 2261 1854 αὑτοῦ
2300 1801 2508 1869 γίνεται
2537 1801 2596 1853 τό
2626 1817 2778 1862 τινας
2808 1800 2917 1851 τῶν
2952 1799 3253 1869 ἀρχιερέων
3280 1798 3412 1860 ἴσως
3445 1811 3682 1867 προεισ-

2098 1893 2275 1946 ελθεῖν
2302 1893 2409 1946 τῶν
2432 1892 2608 1946 ἄλλων
2635 1893 2715 1955 είς
2740 1892 2799 1945 τὸ
2828 1892 3241 1959 θυσιαστήριον.

2098 2159 2324 2220 ΑΡΙΣΤ.
2368 2174 2387 2207 ι
2419 2156 2794 2227 Πρεσϐύτερος
2819 2158 2900 2220 είς
2936 2157 3087 2226 βῆμα
3117 2157 3223 2227 πρὸ
3246 2154 3340 2209 τοῦ
3368 2154 3683 2208 ἐπισκόπου

2423 2268 2441 2301 ι
2479 2251 2581 2303 ούκ
2610 2250 2858 2311 εἴσεισιν,
2892 2250 3013 2302 οὐδὲ
3043 2248 3299 2319 κάθηταιι
3332 2265 3351 2298 ι

2176 2343 2447 2410 Παρόντος
2476 2341 2571 2393 τοῦ
2605 2342 2906 2394 ἐπισκόπου
2932 2345 3026 2394 καὶ
3063 2339 3510 2410 λειτουργοῦντος
3561 2338 3680 2409 πρὸ

2099 2437 2197 2505 τῆς
2218 2435 2423 2487 εἰσόδου
2475 2435 2641 2488 αὑτοῦ
2684 2435 2785 2488 οὐκ
2827 2434 3047 2506 εξσέλθῃ
3090 2435 3458 2503 πρεσϐύτερος
3493 2435 3551 2485 ἐν
3594 2432 3682 2501 τῷ

2104 2529 2326 2599 βήματι.
2372 2528 2465 2581 καὶ
2494 2527 2729 2581 καθίσει.
2780 2526 2951 2580 Τοῦτο
3000 2527 3108 2598 γὰρ
3159 2525 3360 2591 ἀταξία
3402 2526 3522 2578 ἐστὶ
3581 2527 3682 2577 καὶ

2103 2622 2388 2693 σύγχυσις.

2682 2712 2922 2766 ΚΛΝΩΝ
2956 2713 3081 2765 NZ'.

2108 2825 2126 2859 ι
2170 2808 2293 2861 Ὀτι
2322 2809 2384 2860 οὐ
2437 2808 2517 2860 δεῖ
2562 2809 2621 2861 ἐν
2650 2808 2768 2868 ταῖς
2815 2804 3027 2873 κώμαις
3065 2803 3163 2855 καὶ.
3209 2802 3265 2853 ἐν
3291 2803 3409 2863 ταῖς
3463 2800 3681 2869 χώραις

2176 2921 2194 2953 ‹
2229 2900 2584 2954 καθίστασθαι
2642 2899 3021 2959 ἐπισκόπους,
3079 2894 3215 2950 ἀλλά
3281 2892 3674 2963 περιοδευτάς·

2177 3014 2196 3047 ι
2229 2998 2353 3059 τοὺς
2386 2997 2564 3065 μέντοι
2599 2994 2697 3065 ἤδη
2724 2991 3271 3062 προκατασταθέντας
3296 2991 3463 3058 μηδὲν
3496 2989 3675 3053 πράτ-

2173 3106 2194 3138 ε
2232 3105 2346 3141 τειν
2373 3087 2500 3141 ἄνευ
2535 3087 2759 3156 γνώμης
2792 3084 2883 3137 τοῦ
2931 3084 3230 3136 ἐπισκόπου
3260 3081 3353 3134 τοῦ
3390 3084 3449 3133 ἐν
3481 3084 3545 3148 τῇ
3574 3081 3678 3133 πόα

2177 3196 2196 3229 ι
2229 3178 2330 3229 λει.
2400 3176 2671 3238 Ὡσαύτως
2699 3176 2754 3227 δὲ
2795 3176 2886 3228 καὶ
2916 3175 3039 3235 τοὺς
3074 3173 3477 3242 πρεσϐυτέρους
3506 3172 3683 3240 μηδὲν

2179 3289 2198 3321 ι
2238 3269 2500 3338 πράττειν
2524 3270 2655 3321 ἄνευ
2684 3268 2795 3335 τῆς,
2811 3268 3037 3335 γνώμης
3063 3265 3154 3318 τοῦ
3186 3265 3510 3317 ἐπισκόπου.
3554 3283 3573 3315 ι

2171 3361 2364 3413 ΒΑΛΣ.
2404 3359 2585 3412 ’Ἄλλοι
2616 3358 2713 3428 μὲν
2753 3358 2974 3419 κανόνες
3016 3358 3075 3410 ἐν
3103 3358 3223 3418 ταῖς
3248 3356 3462 3419 κώμαις
3496 3354 3595 3407 καὶ
3622 3356 3686 3407 ἐν

2098 3451 2210 3511 τοῖς
2246 3448 2465 3519 χωρίοις
2505 3448 2955 3518 χωρεπισκόπους
2991 3448 3109 3515 καὶ,
3138 3447 3547 3516 πρεσϐυτέρους
3577 3464 3689 3498 κα-

2101 3539 2383 3592 θίστασθαι
2432 3540 2787 3608 διωρίσαντο·
2820 3540 2849 3590 ό
2873 3538 2928 3590 δὲ
2958 3536 3145 3604 παρὼν
3179 3535 3365 3588 κανὼν
3392 3536 3693 3604 35910832»-

2100 3632 2197 3693 τὰς
2223 3632 2667 3698 παρακελεύεται
2686 3630 2956 3701 γίνεσθαι,
2978 3632 3068 3681 καὶ
3104 3628 3176 3696 μὴ
3204 3628 3559 3689 ἐπισκόπους,
3596 3630 3693 3679 ἶνα

2102 3723 2175 3791 μὴ
2204 3724 2424 3790 γένηται
2458 3719 2929 3788 εὐκαταφρόνητος
2961 3721 2993 3789 ή
3036 3708 3440 3787 ἀρχιερωσύνη,
3471 3716 3550 3778 ώς
3611 3718 3686 3785 μὴ

2098 3814 2327 3883 ἐχούσης
2351 3814 2449 3881 τῆς
2484 3818 2668 3882 χώρας
2693 3814 2750 3864 ἐν
2849 3810 3231 3880 ἐχειροτονήθη
3284 3811 3311 3860 ό
3356 3808 3686 3871 ἐπίσκοπος,

2100 3904 2303 3973 πλῆθος
2355 3903 2658 3973 ἀνθρώπων
2705 3904 2785 3965 είς
2820 3902 2983 3971 τιμὴν
3028 3901 3123 3952 τοῦ
3160 3899 3296 3951 Θεοῦ
3330 3900 3546 3966 καὶτῆς
3576 3903 3690 3971 ἀρ-

2099 3991 2453 4062 χιερωσύνης.
2485 3993 2544 4043 Ei
2570 3994 2625 4044 δέ
2650 4008 2817 4054 τινες,
2854 3993 2987 4062 φησὶ
3005 4032 3020 4055 ,
3075 3990 3179 4058 πρὸ
3206 3990 3299 4042 τοῦ
3334 3991 3557 4053 κανόνος
3580 4010 3692 4043 κα-

2098 4084 2438 4154 τεστάθησαν
2466 4086 2523 4135 ἐν
2570 4088 2682 4146 τοῖς
2714 4085 2977 4146 τοιούτοις
3024 4084 3333 4145 ἐπίσκοποι,
3370 4084 3444 4153 μὴ
3478 4085 3690 4153 ἐκϐλη-

2100 4176 2348 4245 θήτωσαν
2371 4195 2383 4207 ’
2420 4176 2535 4229 ἀλλ’
2573 4176 2814 4227 ἔστωσαν
2848 4174 3199 4245 ἐνεργοῦντες
3231 4176 3301 4227 τά
3330 4176 3509 4227 πάντα
3540 4176 3688 4243 μετά

2100 4269 2356 4335 εἰδήσεως
2385 4266 2475 4319 τοῦ
2524 4268 3000 4337 χειροτονήσαντος
3026 4265 3223 4329 αὐτοὺς
3250 4266 3685 4336 μητροπολὶτου.

2111 4359 2272 4414 Ἀλλά
2316 4364 2410 4412 καὶ
2442 4360 2493 4411 oi
2536 4360 2922 4429 πρεσϐύτεροι,
2958 4362 3127 4428 φησὶ,
3171 4360 3339 4427 μηδὲν
3371 4360 3501 4412 ἄνευ
3532 4361 3684 4425 γνώ-

2106 4468 2210 4520 μης
2242 4450 2334 4502 τοῦ
2378 4450 2678 4501 ἐπισκόπου
2711 4449 3318 4519 πραττέτωσαν.Ταῦτα
3340 4449 3432 4501 τοῦ
3454 4452 3687 4515 κανόνος

442 4548 583 4599 niam
620 4546 685 4599 ad
719 4543 808 4596 Dei
837 4552 890 4596 et
917 4543 1255 4611 episcopatus
1289 4540 1455 4609 vergit
1480 4540 1733 4606 dedecus,
1784 4539 1829 4592 si
1880 4541 1998 4606 epi-

2104 4543 2486 4612 διοριζομένου,
2528 4541 2672 4593 εἴποι
2701 4558 2803 4605 τις,
2827 4545 2924 4608 τῆς
2947 4542 3154 4604 ἐννοίας
3188 4543 3377 4594 τούτου
3410 4560 3688 4596 καταστο-

439 4653 636 4705 sc0pus
666 4638 855 4705 exiguo
886 4634 1078 4703 populo
1104 4634 1303 4701 praesit,
1329 4641 1382 4686 et
1421 4632 1540 4685 ideo
1571 4642 1944 4685 conteumatur
1980 4648 1994 4684 :

443 4730 606 4782 multo
658 4728 827 4795 magis
881 4742 983 4779 non
1022 4732 1104 4779 est
1138 4727 1201 4777 ad
1240 4723 1332 4777 Dei
1368 4722 1644 4785 honorem,
1681 4722 1723 4775 si
1775 4723 1999 4777 antistes

441 4829 655 4889 propter
678 4826 1041 4887 paupertatem
1070 4826 1160 4869 eat
1192 4816 1373 4885 pedes,
1404 4824 1457 4867 et
1486 4814 1722 4881 privetur
1750 4829 1998 4868 necessa-

444 4909 556 4963 riis.
590 4908 847 4974 Quocirca
882 4906 936 4960 in
979 4904 1235 4966 Ecclesiis
1264 4900 1629 4956 Orientalibus
1653 4940 1669 4965 ,
1722 4902 1775 4956 in
1808 4907 2000 4973 quilms

440 5016 544 5055 non
580 4999 864 5053 admodum
901 4997 1053 5050 multi
1109 4993 1456 5048 inveniuntur
1509 4991 1796 5048 Christiani
1827 5037 1841 5059 ,
1887 4999 2001 5065 epi-

439 5107 631 5160 sc0pos
664 5090 784 5158 eligi
811 5098 983 5141 tutum
1014 5100 1116 5139 non
1151 5096 1255 5139 est.
1294 5084 1428 5139 Sunt
1451 5095 1628 5139 autem
1656 5068 1999 5154 circuitores,

438 5184 525 5251 qui
562 5183 723 5237 hodie
761 5185 826 5233 ab
856 5177 1121 5248 episcopis
1149 5189 1533 5247 promoventur
1558 5176 1723 5248 480
1760 5180 2001 5233 exarchi.

439 5273 501 5325 lli
533 5273 676 5327 enim
701 5272 1150 5334 circumcursant,
1171 5278 1227 5322 et
1254 5268 1445 5323 deﬂeta
1468 5274 1660 5325 animm
1693 5272 2002 5339 observant,

436 5379 488 5418 ct
506 5365 687 5419 ﬁdeles
708 5363 1008 5432 perticiunt.
1027 5360 1163 5430 Lege
1182 5362 1340 5415 etiam
1362 5370 1574 5417 sextum
1598 5378 1856 5419 canonem
1881 5366 2007 5421 Sar-

437 5458 669 5512 dicensis
688 5454 897 5521 synodi.

2106 4633 2422 4702 χαζόμενος,
2451 4632 2546 4695 ὡς,
2578 4633 2699 4684 ἐπεὶ
2729 4634 2921 4699 ἀτιμία
2950 4630 3042 4683 τοῦ
3075 4632 3209 4684 Θεοῦ
3248 4634 3461 4700 καὶτῆς
3494 4634 3691 4701 ἀρχιε-

2109 4724 2353 4795 ρωσύνης
2392 4726 2509 4776 ἐστὶ
2555 4725 2616 4775 τὸ
2649 4722 3010 4792 προΐστασθαι
3071 4725 3162 4774 τὸν
3195 4726 3495 4775 ἐπίσκοπον
3547 4725 3689 4779 λαοῦ

2106 4815 2306 4882 ὀλίγου,
2373 4815 2664 4869 κάντεῦθεν
2716 4810 2866 4885 εἶναι
2914 4815 3433 4883 εὐκαταφρόνητον·
3500 4815 3693 4885 πολλῴ

2103 4906 2266 4958 πλέον
2296 4906 2395 4958 οὐκ
2446 4905 2600 4958 ἔσται
2627 4884 2763 4974 πρίς
2794 4903 2957 4975 τιμὴν
2984 4906 3078 4957 τοῦ
3107 4906 3240 4957 θεοῦ
3272 4907 3332 4956 τὸ
3366 4906 3501 4975 πεζῇ
3533 4884 3697 4973 βαδί-

2100 4997 2214 5062 ζειν
2236 4997 2500 5067 ἀρχιερέα
2543 4995 2630 5049 διά
2663 4997 2853 5049 πενίαν
2887 4998 2979 5048 καὶ
3012 4997 3325 5063 στερεῖσθαι
3365 4998 3474 5049 τῶν
3506 5001 3682 5065 αναγ-

2100 5090 2290 5144 καίων.
2319 5090 2478 5143 Ὅθεν
2508 5089 2566 5140 τὸ
2604 5088 2939 5157 ψηφίζεσθαι
2974 5089 3308 5149 ἐπισκόπους
3362 5090 3443 5150 εἰς
3472 5088 3689 5159 ἐκκλη.

2109 5182 2230 5244 σίας
2257 5183 2600 5244 ἀνατολικάς,
2643 5185 2723 5244 είς
2776 5182 2847 5245 ἃς
2895 5182 3104 5251 μέτριοι
3161 5184 3303 5236 πάνυ
3333 5186 3695 5254 εύρξσκονται

2108 5274 2449 5346 Χριστιανοὶ,
2493 5274 2594 5327 οὐκ
2625 5274 2884 5341 ἀσφαλές.
2933 5274 3285 5344 Περιοδευταὶ
3342 5276 3399 5327 δέ
3444 5278 3587 5328 εἰσιν
3637 5282 3696 5334 οί

2114 5370 2350 5439 σήμερον
2378 5366 2806 5435 προϐαλλόμενοι
2857 5367 3008 5437 παρά
3036 5368 3143 5419 τῶν
3175 5370 3485 5423 ἐπισκόπων
3520 5370 3699 5442 ἔξαρ-

2113 5478 2221 5531 χοι.
2253 5456 2410 5514 υῦτοι
2439 5462 2547 5531 γὰρ
2575 5460 2948 5530 περιοδεύουσι
2986 5463 3080 5515 καὶ
3125 5465 3447 5534 ἐπιτηροῦσι
3477 5468 3545 5519 τὰ
3578 5468 3696 5537 eo-

438 5549 568 5619 χικὰ
619 5548 930 5615 σφάλματα,
987 5546 1079 5600 καὶ
1130 5550 1513 5621 καταρτίξουσι
1546 5551 1673 5615 τοὺς
1728 5552 1992 5615 πιστούςο
2041 5553 2317 5621 ἀνάγνωθι
2370 5556 2582 5608 καὶτὸν
2635 5553 2688 5618 ς’
2735 5555 2936 5608 κανόνα
2989 5558 3088 5626 τῆς
3122 5560 3180 5610 ὲν
3246 5558 3485 5633 Σαρδικῇ
3556 5582 3696 5617 συν-

438 5642 579 5695 όδου.

512 5730 761 5787 ΖΟΝΑΒ.
792 5732 1000 5789 Eximia
1024 5744 1107 5791 est
1134 5737 1332 5790 summi
1381 5735 1677 5791 sacerdmis
1728 5738 1955 5809 dignitas
1985 5759 2001 5798 :

438 5835 494 5880 at
524 5824 651 5880 siin
685 5825 834 5885 vico.
867 5836 955 5879 aut
1010 5826 1058 5879 in
1092 5826 1306 5895 regione
1334 5865 1349 5890 ,
1392 5824 1442 5878 in
1476 5838 1579 5893 qua
1632 5840 1802 5895 neque
1844 5830 2006 5886 urbes

2186 5734 2431 5789 ΖΩΝΑΡ.
2468 5735 2542 5787 Τὸ
2568 5735 2948 5805 ἀρχιερατικδν
3001 5738 3218 5808 ἀξίωμα
3272 5741 3491 5812 ἔντιμόν
3526 5753 3652 5806 ἐστι
3680 5772 3695 5785 ·

2110 5827 2169 5881 τὸ
2188 5827 2243 5881 δὲ
2269 5828 2326 5880 ἐν
2371 5827 2530 5899 κώμῃ
2558 5827 2590 5897 ἢ
2618 5829 2677 5880 ἐν
2706 5827 2881 5898 χώρᾳ,
2922 5828 3050 5883 ἔνθα
3102 5833 3179 5906 μὴ
3215 5835 3367 5898 πόλις
3401 5837 3517 5891 ἐστὶ
3552 5848 3704 5913 μηδὲ
