4052 6396
372 409 426 469 Π
441 409 508 465 25

441 628 457 657 ι
499 608 651 661 πόλιν
701 608 999 663 ἐσπούδασε
1036 613 1371 680 μεταστῆναι
1395 628 1406 641 ’
1440 611 1563 663 ὅθεν
1601 612 1929 682 συνέστηκεν

440 716 457 748 ι
495 699 744 770 διαπύρῳ
792 702 1105 769 πλεονεξίας
1154 705 1304 773 τόπῳ
1363 704 1767 759 ὖπεκκαίεσθαι
1803 706 1931 768 τοὺς
1980 696 1988 703 ’

446 807 465 840 ι
502 792 790 857 τοιούτους,
826 793 919 845 καὶ
971 793 1169 862 μᾶλλον
1199 798 1263 864 τῇ
1317 795 1606 866 ἀλαζονείᾳ
1636 796 1928 861 δουλεύειν,

450 885 641 946 ιὸπως
694 886 941 949 ἐξουσίαν
989 887 1195 940 δοκοῖεν
1247 889 1467 957 μείζονα
1509 888 1833 958 κεκτῆσθαι.
1866 889 1930 941 Εἰ

445 991 461 1021 ι
508 975 639 1026 πᾶσι
662 976 840 1027 τοίνυν
868 977 1025 1029 τοῦτο
1054 979 1302 1047 ἀρέσκει,
1336 977 1478 1030 ὥστε
1522 979 1620 1049 τὴν
1672 978 1930 1047 τοιαύτην

446 1081 465 1114 ι
505 1065 796 1135 σκαιότητα
824 1068 1222 1140 αὐστηρότερον
1274 1070 1657 1140 ἐκδικηθῆναις
1689 1071 1929 1141 ἡγοῦμαι

449 1173 468 1207 ι
500 1159 606 1228 γὰρ
641 1160 776 1228 μηδὲ
821 1161 1025 1215 λαῖκῶν
1057 1161 1201 1230 ἔχειν
1228 1162 1353 1225 τοὺς
1409 1162 1684 1227 τοιούτους
1733 1164 1929 1233 χρῆναι

441 1265 460 1298 ι
494 1251 795 1304 κοινωνίαν.
859 1252 1066 1316 Πάντες
1100 1253 1390 1307 ἐπίσκοποι
1445 1252 1631 1308 εἷπονο
1679 1254 1927 1323 Ἀρέσκει

445 1359 464 1391 1
501 1358 685 1394 πασιν.
714 1362 732 1394 ι

437 1432 637 1487 ΒΛΛΣ.
685 1434 817 1503 Περὶ
849 1434 958 1486 τῶν
991 1436 1421 1505 μεταϐαινόντων
1468 1437 1770 1507 ἀρχιερέων
1821 1436 1926 1490 ἀπὸ

368 1526 574 1589 πόλεως
597 1526 673 1587 είς
692 1528 781 1578 πόῖ
798 1544 844 1580 ιν
870 1527 1173 1596 ἀλλοτρίαν,
1206 1530 1374 1596 ἦγουν
1401 1530 1683 1599 διοίκησιν,
1709 1527 1928 1599 εἴρηται

367 1618 425 1669 ὲν
448 1617 523 1687 τῷ
551 1621 1017 1691 πεντεκαιδεκάτῳ
1051 1622 1148 1685 τῆς
1186 1623 1244 1674 ἐν
1291 1621 1495 1694 Νικαίᾳ
1535 1620 1779 1682 συνόδου,
1830 1622 1926 1674 καὶ

368 1709 427 1760 ἐν
450 1710 526 1778 τῷ
557 1710 613 1763 ιδ’
654 1712 838 1764 κανόνι
872 1712 978 1764 τῶν
1023 1712 1193 1781 ἁγίων
1226 1712 1565 1777 ἀποστόλου,
1620 1714 1715 1767 και¹
1762 1714 1821 1765 ἐν
1849 1711 1926 1783 τῷ

367 1800 455 1855 κα’
499 1804 589 1855 καὶ
618 1805 676 1855 ἐν
702 1804 777 1872 τῷ
803 1804 886 1874 κβ¹
917 1806 1015 1873 τῆς
1043 1808 1100 1858 ἐν
1129 1804 1452 1877 Ἀντιοχείᾳ,
1484 1807 1577 1859 καὶ
1606 1806 1663 1857 ἐν
1692 1805 1923 1875 ἑτέροις.

1519 415 1597 474 ΙΝ
1629 416 1798 478 CAN.
1840 420 1862 476 ί
1903 419 2105 482 CONC.
2146 419 2438 479 SARDIC.

445 538 463 569 ι
500 537 606 582 ται,
639 518 697 581 ὃς
729 521 838 575 ἀπὸ
878 520 1119 585 μείζονος
1153 522 1357 583 πόλεως
1388 525 1467 582 εἰς
1516 524 1933 593 ἐλαχιστοτέραν
1963 540 2009 593 Α

2109 544 2127 575 ι
2166 528 2386 580 civitate
2418 526 2468 577 in
2503 524 2760 578 minorem
2818 523 3045 577 transire
3099 523 3363 577 studuerit
3399 540 3414 577 :
3451 529 3593 577 unde

2112 634 2131 668 ι
2169 616 2412 671 constitit
2462 630 2553 669 eos
2596 614 2798 666 ardenti
2835 614 2984 681 plura
3037 612 3267 667 habendi
3300 613 3599 683 cupiditate

2109 727 2128 760 ι
2165 707 2454 772 succendi,
2484 715 2538 759 et
2565 707 2735 773 magis
2766 704 3089 772 arrogantia:
3123 704 3327 757 servire
3357 743 3372 762 .
3412 712 3468 757 ut
3515 704 3595 757 vi-

2111 817 2130 851 ι
2167 799 2394 855 deantur
2424 797 2680 866 majorem
2729 796 2922 849 habere
2967 804 3315 863 potestatem.
3342 793 3595 848 Placetne

2110 908 2128 940 ι
2171 890 2271 944 hoc
2293 889 2565 950 omnibus,
2599 899 2657 941 ut
2684 887 2943 953 ejusmodi
2999 886 3311 956 improbitas
3346 887 3595 942 acerbius

2109 1001 2127 1033 ι
2162 980 2502 1049 vindicetur?
2530 980 2776 1033 existimo
2797 979 2938 1033 enim
2968 993 3061 1032 eos
3094 994 3159 1031 ne
3187 977 3442 1031 laicorunt
3468 977 3591 1046 qui-

2108 1094 2127 1127 ι
2166 1077 2281 1129 dem
2318 1075 2511 1129 debere
2540 1073 2735 1140 habere
2769 1071 3220 1126 communionem.
3245 1069 3447 1125 Omnes
3478 1069 3592 1137 epi-

2106 1187 2125 1219 ι
2167 1166 2312 1236 scopi
2345 1167 2592 1221 dixerunt
2621 1181 2634 1218 :
2666 1162 2839 1217 Placet
2871 1162 3140 1221 omnibus.
3181 1179 3199 1213 ι
3262 1184 3266 1189 ·

2099 1442 2293 1497 BALS.
2325 1443 2395 1495 De
2432 1441 2727 1509 episcopis,
2755 1441 2844 1509 qui
2893 1454 2922 1493 a
2961 1439 3180 1493 civitate
3223 1436 3275 1490 in
3314 1437 3586 1490 civitatem

2028 1549 2119 1588 seu
2144 1533 2419 1586 ditenesim
2454 1542 2781 1595 transeunt,
2813 1531 3013 1584 dictum
3038 1539 3121 1583 est
3166 1528 3219 1582 in
3264 1528 3450 1598 synodi
3500 1527 3589 1580 Ni-
3628 1562 3629 1565 η

2026 1620 2192 1679 Carna:
2209 1638 2411 1676 canone
2439 1622 2675 1686 15,cetin
2708 1634 2913 1674 canone
2946 1619 3009 1672 14
3039 1628 3345 1674 sanctorum
3370 1628 3589 1687 aposto-

2027 1717 2220 1779 lorum,
2249 1717 2377 1768 etin
2407 1715 2466 1768 2|
2506 1726 2559 1768 et
2594 1715 2644 1768 in
2679 1714 2748 1767 2?.
2800 1713 3188 1774 Antiochenae,
3238 1722 3289 1766 et
3343 1712 3395 1763 in
3448 1711 3588 1764 aliis.

2028 1809 2163 1862 Cum
2188 1819 2362 1861 autem
2390 1806 2650 1876 neglectui
2681 1807 3007 1860 traherentur
3035 1820 3118 1865 ea,
3150 1819 3270 1872 qum
3307 1804 3437 1871 ipsis
3462 1818 3587 1855 conv

368 1894 913 1965 Καταφρονουμένων
939 1897 995 1951 δὲ
1038 1898 1146 1951 τῶν
1176 1899 1233 1949 ἐν
1269 1897 1453 1960 αὐτοῖς
1494 1898 1924 1969 περιεχομένων,

2033 1901 2290 1964 tinentur,
2320 1872 2601 1968 episcopus
2634 1897 3015 1961 Conlubeusis,
3048 1895 3137 1965 qui
3169 1895 3329 1949 Osius
3352 1893 3575 1962 appella-

367 1988 394 2039 ὁ
419 1987 713 2049 ἐπίσκοπος
737 1989 942 2051 πόλεως
964 1988 1298 2059 Κορδούσης,
1326 1992 1353 2041 ό
1397 1993 1491 2042 καὶ
1521 1992 1704 2051 "Octo;
1737 1990 1933 2060 κεκλη-

372 2079 527 2146 μένος
557 2079 643 2131 διὰ
675 2078 771 2149 τὴν
802 2080 1111 2149 προσοῦσαν
1141 2076 1291 2150 αὐτῷ
1323 2081 1543 2152 ἀρετὴν,
1571 2083 1932 2151 προοιμιασά-

370 2187 530 2239 μενος
560 2170 796 2238 ὀφείλειν
823 2174 1001 2226 πᾶσαν
1022 2173 1231 2242 φαύλην
1256 2174 1541 2244 συνήθειαν
1557 2175 1926 2245 ἐκριζοῦσοαι,

368 2264 547 2332 πολλῷ
582 2264 637 2316 δὲ
673 2265 833 2318 πλέον
864 2265 959 2335 τὴν
990 2267 1284 2337 ἀφορῶσαν
1333 2268 1427 2321 καὶ
1477 2270 1558 2332 είς
1590 2269 1930 2338 πραγμάτων

368 2355 836 2438 ἐξικλησιαστικῶν
882 2356 1202 2425 διαφθορὰν,
1256 2358 1505 2428 ἐπήγαγε
1540 2357 1614 2428 μὴ
1662 2358 1809 2428 ἔχειν
1841 2358 1928 2410 ἐπ’

366 2448 549 2511 ἀδείας
584 2449 880 2502 ἐπίσκοπον
912 2450 1211 2519 οίονδήτινα
1240 2450 1347 2504 ἀπὸ
1399 2449 1605 2511 πόλεως
1655 2451 1737 2512 είς
1772 2449 1929 2502 πόλιν

372 2539 751 2607 μεθίστασθαι.
795 2542 880 2601 Ὠς
920 2540 976 2593 δέ
1008 2559 1154 2604 τινος
1183 2543 1428 2605 είπόντος
1460 2543 1833 2611 συγγνωστέον
1855 2539 1931 2596 εἷο

367 2648 453 2685 ναι
470 2632 707 2695 τδνῐσως
730 2632 885 2685 τοῦτο
912 2635 1211 2702 ποιήσαντα
1252 2634 1343 2688 διὰ
1374 2635 1575 2703 τρόπον
1601 2636 1932 2703 ἁγαθὺν,καὶ

365 2720 454 2774 διὰ
479 2722 541 2776 τὸ
576 2723 784 2788 διδάξαι
814 2724 909 2777 καὶ
936 2724 1186 2795 στηρίξαι
1210 2724 1338 2778 λαὸν
1367 2726 1608 2790 πλείονα,
1635 2727 1951 2797 προσέθετο

367 2815 519 2884 παρὰ
563 2816 671 2867 τῶν
706 2817 1020 2869 ἐπισκόπων
1048 2817 1207 2870 τοῦτο
1241 2816 1544 2887 τολμᾶσθαι
1576 2816 1651 2888 μὴ
1693 2819 1781 2872 διὰ
1808 2819 1933 2889 τρό-

366 2919 473 2959 πον
499 2905 725 2970 ἀγαθὸν,
756 2906 891 2958 ἀλλὰ
919 2906 1007 2958 διὰ
1029 2906 1362 2970 πλεονεξίαν,
1403 2906 1435 2976 ἢ
1491 2907 1558 2959 δι’
1588 2907 1926 2971 ἀλαζονείαν,

366 2998 460 3048 καὶ
488 2996 631 3048 ὥστε
686 2996 831 3065 ἔχειν
880 2996 1130 3060 ἐξουσίαν
1192 2986 1418 3065 μείζονα
1470 2997 1564 3050 καὶ
1618 2998 1931 3065 κερδαίνειν

366 3088 606 3143 πλείονα.
641 3090 826 3152 Οὐδεὶς
851 3089 980 3157 γὰρ.
1038 3090 1225 3159 φησὶν.
1258 3091 1551 3152 ἐπίσκοπος
1582 3089 1778 3160 εὑρέθη
1820 3089 1930 3143 ἀπὸ

2032 2000 2118 2045 tus
2160 2000 2242 2045 est
2263 2001 2483 2060 pr0pter
2519 1990 2768 2043 virtutem
2798 2004 2915 2057 quze
2962 1987 3036 2041 illi
3079 1988 3255 2041 inerat
3279 2027 3293 2046 ,
3329 2000 3591 2047 exorsus,

2031 2084 2227 2139 debere
2251 2099 2464 2137 omnem
2498 2082 2688 2135 malam
2723 2080 3164 2135 consuetudinem
3213 2078 3468 2132 radicitus
3494 2093 3592 2131 ex—

2030 2176 2269 2245 stirpari,
2298 2174 2463 2228 multo
2487 2182 2665 2227 autem
2718 2173 2887 2241 magis
2938 2186 3054 2226 eam
3106 2185 3233 2239 quae
3274 2178 3481 2236 spectat
3525 2168 3593 2221 ad

2031 2284 2211 2323 rerum
2263 2265 2757 2321 ecclesiasticarum
2792 2262 3188 2331 corruptelam;
3253 2260 3435 2315 intulit
3483 2271 3592 2315 non

2030 2359 2193 2413 licere
2206 2360 2453 2426 cuiquam
2471 2358 2720 2425 episcOpo
2734 2371 2797 2408 ex
2815 2354 3093 2409 civitatein
3117 2353 3390 2408 civitatem
3415 2360 3596 2405 trans-

2030 2450 2129 2505 ire.
2164 2450 2394 2504 Perinde
2436 2461 2612 2502 autem
2639 2462 2702 2502 ac
2730 2447 2773 2501 si
2807 2447 3027 2501 dixisset
3058 2444 3354 2515 quispiam,
3386 2443 3433 2496 ei
3476 2457 3595 2497 esse

2033 2544 2449 2610 ignoscendum,
2495 2544 2586 2614 qui
2635 2546 2859 2598 honesta
2913 2543 3141 2596 fortasse
3190 2542 3254 2594 de
3300 2555 3460 2595 causa
3494 2540 3596 2592 hoc

2035 2636 2276 2691 facturus
2305 2644 2409 2699 est,
2442 2644 2496 2690 et
2516 2645 2575 2688 ut
2601 2634 2857 2704 majorem
2892 2633 3147 2703 populum
3178 2631 3367 2686 doceat
3385 2639 3439 2684 et
3468 2644 3592 2684 con-

2036 2728 2239 2790 ﬁrmet;
2272 2726 2487 2796 adjecit,
2522 2726 2625 2780 hoc
2670 2726 2869 2781 audere
2908 2726 3204 2793 episcopos,
3238 2737 3345 2777 non
3380 2732 3597 2791 propter

2034 2816 2313 2871 honestam
2342 2815 2575 2884 aliquam
2607 2829 2825 2869 causam
2858 2852 2873 2876 ,
2904 2815 2996 2866 sed
3031 2821 3251 2882 propter
3271 2812 3551 2864 avaritiam
3577 2847 3594 2872 ,

2030 2908 2113 2962 vel
2155 2907 2484 2975 superbiam,
2511 2913 2567 2959 et
2599 2914 2653 2958 ut
2688 2905 2940 2959 haheant-
2957 2911 3273 2970 potestatem
3292 2900 3550 2968 maiorem
3578 2937 3595 2961 ,

2031 3010 2086 3055 et
2115 2999 2271 3069 plura
2295 2996 2653 3053 lucrifaciant.
2684 2996 3071 3057 Nullus-enim,
3102 2993 3274 3063 inquit
3301 3029 3317 3055 ,
3346 2996 3597 3046 inventus

2031 3103 2113 3149 est
2141 3094 2441 3166 episcopus,
2467 3091 2556 3160 qni
2625 3105 2656 3145 a
2711 3089 2900 3157 majori
2952 3089 3170 3144 civitate
3223 3089 3276 3141 in
3332 3089 3593 3141 minorem

366 3184 570 3244 πόλεως
609 3183 853 3251 μείζονος
883 3183 1123 3251 μεταϐὰς
1175 3185 1254 3245 είς
1284 3182 1703 3253 ἐλαχιστοτέραν
1725 3223 1739 3245 ,
1786 3181 1927 3236 ὥστε

2034 3183 2337 3246 transierit,
2374 3190 2431 3235 ut
2462 3197 2529 3235 ex
2558 3196 2623 3233 eo
2666 3179 2906 3235 avaritia?
2957 3189 3013 3233 et
3058 3177 3365 3247 cupiditatis
3415 3177 3596 3245 glorim

364 3278 428 3328 ἐκ
459 3276 651 3327 τούτου
703 3275 1121 3344 περιαιρεθῆναι
1166 3277 1265 3345 τὴν
1304 3275 1543 3345 ὑποψίαν
1588 3276 1685 3345 τῆς
1711 3276 1930 3329 πλεονε-

368 3371 485 3433 ξίας
517 3370 610 3422 καὶ
654 3369 753 3438 τῆς
784 3368 1108 3437 φιλοδοξίας.
1162 3368 1358 3420 Τοίνυν
1400 3366 1496 3420 καὶ
1534 3365 1788 3439 ἠρώτησε
1830 3368 1930 3438 τὴν

367 3460 603 3519 σύνοδον,
639 3462 687 3513 εί
724 3462 890 3514 πᾶσιν
912 3460 1134 3528 ἀρέσκει
1161 3459 1563 3529 αὐστηρότερον
1580 3458 1930 3529 ἐκδικηθῆναι

363 3552 463 3623 τὴν
486 3550 742 3623 τοιαύτην
773 3556 997 3623 τόλμαν,
1050 3553 1293 3619 δηλονότι
1336 3554 1410 3622 μὴ
1444 3552 1604 3620 μόνον
1650 3552 1933 3623 καθαιρεῖ-

367 3644 493 3696 σίθαι
520 3648 612 3696 τὸν
646 3644 886 3696 τοιοῦτόν
913 3661 965 3694 τι
1010 3652 1337 3712 ποιήσαντα.
1372 3642 1486 3694 ἀλλ’
1518 3641 1812 3695 ἐκπίπτειν
1838 3644 1931 3694 καὶ

364 3734 462 3802 τῆς
487 3733 595 3785 τῶν
644 3733 851 3785 πιστῶν
898 3731 1261 3802 ὁμηγύρεως’
1317 3731 1413 3783 καὶ
1469 3732 1592 3798 μηδ’
1623 3730 1698 3792 ὡς
1744 3730 1931 3783 λαῖκὸν

368 3824 641 3875 κοινωνεῖν
675 3822 791 3890 μετ’
823 3822 1033 3883 αύτῶνς
1080 3823 1218 3891 πρ“ς
1261 3819 1289 3873 ὃ
1318 3822 1364 3873 οί
1412 3821 1512 3890 τῆς
1544 3821 1764 3873 συνόδου
1797 3823 1931 3873 ἀπε-

370 3912 623 3979 κρίναντο
651 3909 733 3962 ὅτι
755 3910 922 3961 πᾶσιν
943 3909 1188 3977 ἀρέσκει.
1219 3908 1438 3961 Τούτων
1464 3907 1638 3969 οὕτως
1675 3910 1927 3976 ἐχόντων,

371 4002 632 4074 ἐρωτήσει
660 4017 742 4057 τις
778 4000 851 4062 ὡς
883 3997 974 4051 τοῦ
1011 4004 1068 4051 ιε’
1096 3999 1319 4061 κανόνος
1357 3999 1454 4067 τῆς
1490 4000 1548 4051 ὲν
1578 3997 1783 4067 Νικαίᾳ
1806 4014 1931 4050 συν-

366 4091 484 4143 όδου
512 4090 876 4159 διοριζομένου
900 4090 992 4143 τὸν
1015 4090 1120 4142 ἀπὸ
1141 4089 1347 4153 πόλεως
1378 4092 1455 4152 είς
1487 4091 1640 4143 πόλιν
1671 4090 1934 4158 μεταὸόιν-

366 4199 436 4235 τα
467 4183 763 4235 ἐπίσκοπον
796 4185 869 4251 μὴ
900 4183 1277 4249 καθαρεῖσθαι,
1337 4182 1453 4235 ἀλλ’
1495 4182 1931 4247 ἀποκαθίζεσθαι

368 4275 447 4337 είς
478 4274 580 4345 τὴν
608 4274 880 4345 προτέραν
901 4274 1064 4327 αὑτοῦ
1094 4274 1409 4345 ἐκκλησίαν,
1462 4277 1555 4329 καὶ
1600 4277 1693 4328 τοῦ
1723 4275 1929 4345 παρόν-

368 4383 457 4430 τος
485 4367 709 4431 κανόνος
740 4368 973 4437 παντελῆ
1026 4366 1418 4435 ἀκοινωνησίαν
1463 4366 1655 4420 τούτου
1686 4368 1933 4436 καταψη-

370 4457 685 4528 φιξομένου,
733 4459 839 4510 τίνι
870 4460 1157 4526 προσέχειν
1190 4459 1511 4538 opai/togati;
1578 4458 1788 4523 Λύσις.
1822 4459 1931 4511 Καὶ

2033 3276 2269 3343 ειιερίρίο
2321 3274 2558 3328 tollatur.
2611 3271 2959 3341 Interrogavit
3012 3272 3196 3341 itaque
3272 3270 3530 3340 synodum
3578 3287 3594 3323 :

2031 3383 2098 3421 an
2134 3368 2181 3420 ei
2223 3366 2458 3434 placeret
2500 3366 2748 3419 aeerbins
2787 3364 2949 3418 talem
2984 3362 3266 3416 audaciam
3301 3361 3595 3426 vindicari;

2032 3456 2237 3512 scilicet
2272 3470 2376 3509 non
2412 3454 2583 3509 solum
2607 3455 2796 3523 deponi
2824 3468 2946 3507 eum
2974 3452 3065 3521 qui
3093 3450 3196 3504 tale
3223 3450 3349 3520 quid
3385 3448 3596 3509 fecerit,

2030 3548 2123 3602 sed
2151 3549 2312 3601 etiam
2340 3563 2369 3600 a
2401 3544 2632 3600 fidelium
2687 3545 3067 3599 communione
3096 3543 3374 3601 excidere.
3411 3552 3460 3593 et
3497 3555 3596 3596 nec

2032 3648 2088 3691 ut
2116 3637 2307 3690 laicum
2336 3634 2550 3705 quidem
2606 3650 2726 3688 cum
2763 3634 2891 3702 ipsis
2939 3633 3337 3688 communicare
3368 3633 3393 3686 ?
3433 3631 3599 3703 483

2030 3729 2111 3781 Ad
2139 3729 2280 3794 quod
2321 3727 2509 3797 synodi
2545 3725 2731 3780 Patres
2775 3727 3184 3795 responderunt,
3246 3725 3298 3777 id
3355 3724 3601 3779 omnibus

2031 3821 2260 3890 placere.
2298 3818 2391 3873 llis
2424 3820 2495 3873 ita
2528 3834 2587 3875 se
2614 3818 2946 3872 habentibus
2978 3858 2993 3880 ,
3022 3816 3433 3885 iuterrogaverit
3460 3816 3602 3885 quis-

2032 3911 2172 3978 piam
2204 3908 2367 3963 :Gum
2400 3923 2575 3963 canon
2602 3908 2667 3962 15
2698 3908 2885 3978 synodi
2910 3905 3141 3960 Niczcnaa
3170 3905 3378 3969 statuit,
3408 3914 3465 3958 ut
3488 3906 3603 3972 epi-
3646 3909 3657 3919 '

2031 4018 2253 4072 scapus,
2291 4001 2381 4069 qui
2412 4018 2439 4054 a
2479 4001 2698 4055 civitate
2725 3999 2777 4052 in
2815 3998 3087 4052 civitatem
3120 3997 3358 4059 transiit,
3381 4004 3493 4051 non
3512 3996 3603 4050 de-

2033 4105 2283 4166 ponatnr,
2311 4095 2405 4149 sed
2438 4092 2490 4147 in
2523 4093 2757 4162 priorem
2796 4106 2948 4145 suam
2988 4089 3271 4144 ecclesiam
3346 4089 3602 4144 restitua-

2034 4199 2149 4251 tur,
2192 4202 2426 4254 praasens
2459 4196 2635 4240 autem
2663 4202 2835 4239 canon
2864 4200 2983 4239 eum
3018 4183 3262 4238 absoluta
3290 4197 3602 4236 excommu-

2034 4282 2298 4337 nicatione
2324 4279 2673 4343 condemnet;
2708 4288 2885 4331 utrum
2913 4277 2982 4330 sit
3028 4274 3398 4342 sequendum?
3441 4271 3601 4326 Solu-

2032 4374 2127 4427 tio.
2160 4372 2483 4440 Utrumque.
2510 4369 2696 4438 Neque
2721 4371 2867 4424 enim
2913 4367 3113 4423 habent
3143 4366 3432 4436 quidquam
3465 4364 3604 4417 inter

2030 4482 2092 4521 se
2120 4478 2424 4520 commune.
2452 4462 2518 4516 Et
2551 4463 2667 4532 lege
2686 4462 2888 4517 dictum
2932 4474 3191 4515 canonem
3221 4458 3307 4512 15.
3369 4457 3423 4510 Si
3482 4456 3611 4523 quis

369 4550 716 4618 ἀμφοτέροις.
768 4551 903 4602 Οὐδὲ
966 4550 1074 4621 γὰρ
1130 4550 1577 4603 ἐπικοινωνοῦσιν
1656 4550 1927 4620 ἀλλήλοις.

2039 4568 2215 4613 autem
2248 4568 2433 4611 contra
2497 4554 2689 4610 afferat
2746 4553 3064 4609 vicesimum
3120 4566 3381 4606 cauonem
3440 4557 3604 4604 sexta:

379 4642 679 4710 Ἀνάγνωθι
708 4643 795 4695 τὸν
829 4643 1060 4713 ρηθέντα
1105 4650 1166 4696 ιε’
1195 4645 1414 4697 κανόνα.
1458 4645 1521 4697 Εἰ
1565 4645 1622 4697 δέ
1650 4662 1735 4706 τις
1768 4645 1934 4697 ἀνθυ-

370 4736 597 4803 ποφέρει
624 4734 715 4785 τὸν
757 4732 803 4786 κ’
835 4736 1035 4787 κανόνα
1067 4736 1168 4804 τῆς
1196 4733 1249 4800 ς’
1282 4736 1500 4789 συνόδου
1528 4736 1757 4803 λέγοντα
1787 4733 1930 4788 οὕτω

370 4827 586 4896 ῥητῶς·
641 4828 730 4896 Μὴ
786 4827 988 4890 ἐξέστω
1034 4829 1319 4899 ἐπισκόπῳ
1361 4828 1441 4891 είς
1471 4828 1667 4897 ἑτέραν
1708 4826 1806 4897 τὴν
1853 4827 1929 4897 μὴ

368 4919 518 4988 αὐτῴ
540 4920 924 4990 προσήκουσαν
967 4919 1122 4971 πόλιν
1170 4918 1404 4990 δημοσίᾳ
1456 4919 1729 4972 διδάσκειν
1750 4935 1763 4950 ·
1796 4920 1844 4971 εί
1874 4919 1941 4972 δέ-

368 5027 452 5070 τις
473 5010 751 5079 φωραθείη
786 5008 943 5062 τοῦτο
971 5010 1160 5074 ποιῶν,
1188 5013 1287 5080 τῆς
1316 5010 1621 5079 ἐπισκοπῆς
1648 5010 1927 5062 παυέσθωξ

368 5104 437 5155 τὰ
484 5103 542 5156 δὲ
570 5102 664 5155 τού
703 5103 1075 5173 πρεσϐυτέρου
1115 5102 1438 5173 ἐνεργείτω’
1472 5104 1567 5156 καὶ
1600 5102 1753 5170 λέγει
1779 5100 1933 5168 ὀφεί-

369 5195 484 5247 λειν
516 5194 573 5248 τὸ
595 5196 781 5249 λοιπὸν
806 5195 874 5248 τὰ
908 5194 1001 5247 τοῦ
1037 5194 1278 5248 τοιούτου
1314 5194 1512 5264 μᾶλλον
1539 5195 1765 5256 κανόνος
1793 5210 1932 5263 κρα-

352 5296 502 5355 πεῖν,
533 5293 609 5356 ὡς
641 5292 1103 5360 μεταγενεστέρου
1135 5293 1279 5344 κατὰ
1320 5292 1455 5345 πολὺ
1485 5291 1582 5345 καὶ
1611 5291 1934 5361 καθαίρεσιν

371 5384 528 5455 μόνον
551 5384 848 5451 ἐπάγοντος
872 5401 885 5417 ν
920 5383 1206 5436 ἀκουσάτω
1247 5383 1493 5453 μεγάλην
1516 5379 1659 5436 εἶναι
1688 5382 1785 5453 τὴν
1817 5382 1937 5434 δια-

370 5477 545 5545 φορὰν
591 5475 700 5527 τῶν
731 5474 991 5527 κανόνων.
1042 5472 1306 5526 Ἐνταῦοα
1338 5474 1438 5541 μὲν
1490 5458 1599 5541 γὰρ
1651 5471 1936 5541 ἀλλοτρίου

370 5566 560 5635 θρόνου
594 5566 761 5634 ἐπέση
802 5568 830 5616 ὁ
871 5565 1193 5626 ἐπίσκοπος,
1236 5563 1329 5615 καὶ
1352 5564 1603 5632 κατεῖχεν
1648 5562 1810 5614 αὑτὸν
1841 5563 1939 5615 αύ-

377 5658 645 5720 θεντικῶς
670 5671 684 5687 ⁸
708 5657 789 5709 διὸ
818 5657 915 5710 σὺν
944 5660 1008 5726 τῇ
1040 5656 1357 5724 καθαιρέσει
1386 5655 1477 5708 καὶ
1492 5655 1940 5726 ἀποκηρύσσετας

370 5752 445 5813 ὡς
476 5749 858 5808 ἀναιδέστατος
880 5766 895 5780 ·
929 5752 956 5801 ὁ
1004 5749 1058 5800 δὲ
1091 5749 1147 5799 ἐν
1174 5748 1252 5818 τῷ
1284 5748 1500 5819 ῥηθέντι
1548 5748 1731 5800 κανόνι
1761 5747 1861 5815 τῆς
1886 5744 1941 5809 ς’

374 5844 595 5897 συνόδου
622 5840 946 5913 δηλούμενος
970 5841 1267 5906 ἐπίσκοπος
1304 5842 1459 5894 οὐδέν
1487 5858 1537 5894 τι
1565 5839 1753 5912 ἕτερον
1785 5840 1944 5909 ἐνήρ-

2035 4649 2246 4721 synodi,
2278 4648 2367 4717 qui
2393 4649 2472 4703 sic
2502 4647 2636 4701 dicit
2660 4660 2912 4715 expresse
2940 4662 2953 4699 :
2980 4644 3055 4697 Ne
3087 4643 3248 4697 liceat
3277 4643 3527 4710 episcopo
3550 4641 3618 4693 ἰη-

2030 4742 2159 4805 alia,
2186 4755 2306 4810 qua:
2335 4737 2401 4791 ad
2426 4753 2483 4791 se
2515 4753 2618 4791 non
2649 4738 2864 4796 attinet.
2891 4734 3119 4788 civitate
3135 4732 3348 4802 publice
3371 4731 3568 4785 docere
3586 4747 3617 4795 ;-

2032 4830 2224 4900 siquis
2256 4840 2434 4883 autem
2472 4832 2571 4883 hoc
2604 4827 2781 4881 facere
2812 4825 3185 4899 deprehensus
3216 4822 3404 4887 fuerit,
3429 4829 3602 4875 cesset

2032 4926 2100 4976 alt
2133 4923 2467 4993 episcopatu,
2500 4934 2619 4988 qure
2650 4926 2775 4971 sunt
2800 4926 2977 4969 autem
3010 4913 3304 4984 presbyteri
3333 4918 3601 4972 exerceat;

2034 5027 2087 5071 et
2118 5016 2264 5069 dicat
2293 5015 2435 5068 Itnnc
2450 5026 2710 5067 canonem
2750 5011 2800 5063 in
2834 5017 3107 5087 posterum
3129 5005 3300 5076 magis
3324 4992 3615 5057 observari

2034 5107 2251 5171 debere,
2291 5115 2349 5159 ut
2377 5105 2466 5174 qui
2494 5102 2567 5157 sit
2597 5104 2763 5155 multo
2788 5100 3076 5161 recentior,
3108 5107 3162 5150 et
3214 5095 3607 5164 depositionem

2037 5198 2209 5254 solum
2241 5197 2457 5250 inducat
2492 5211 2507 5248 :
2541 5193 2726 5247 audiat
2772 5206 2893 5246 esse
2920 5180 3169 5258 magnam
3202 5201 3475 5242 canonum
3501 5184 3604 5236 «ιιι.

2039 5290 2340 5345 ferentiam.
2387 5288 2486 5342 Hic
2530 5290 2674 5342 enim
2729 5286 3020 5355 episc0pns
3070 5281 3302 5334 alienum
3347 5279 3602 5332 thronum

2040 5383 2257 5444 inva~it,
2294 5390 2346 5435 ct
2373 5396 2494 5434 eum
2554 5394 2657 5434 sua
2697 5378 3021 5432 auctoritate
3065 5372 3318 5428 obtinuit.
3369 5370 3432 5423 Iit
3485 5370 3605 5422 ideo

2042 5491 2144 5528 una
2174 5489 2294 5529 cutn
2319 5472 2661 5542 depositione
2684 5471 2855 5522 etiam
2898 5467 3180 5535 abdicatur
3204 5503 3218 5523 ,
3274 5472 3333 5517 ut
3388 5461 3480 5531 qui
3534 5461 3607 5513 sit

2040 5564 2563 5637 impudentissimas.
2590 5561 2689 5628 Qui
2714 5571 2892 5614 autem
2928 5559 2978 5610 in
3030 5555 3282 5624 praedicto
3315 5564 3478 5608 sextae
3511 5566 3604 5621 sy-

2044 5657 2167 5714 nodi
2194 5671 2398 5712 canone
2423 5655 2730 5710 declaratur
2757 5651 3064 5719 cpiscopns,
3089 5647 3140 5700 itt
3187 5645 3289 5698 alia
3327 5642 3604 5714 provincia

2047 5749 2177 5803 nihil
2208 5748 2351 5802 aliud
2375 5745 2633 5808 exercuit,
2691 5734 2792 5798 nisi
2824 5743 2965 5810 quod
3019 5739 3194 5793 solum
3248 5737 3457 5804 publice
3510 5736 3599 5786 do-

2046 5842 2155 5896 cuit
2188 5860 2204 5895 :
2242 5851 2294 5896 et
2325 5838 2443 5894 ideo
2474 5837 2645 5893 squm
2677 5836 2982 5907 deponitur.
3022 5832 3175 5898 Quod
3217 5829 3375 5884 etiam
3424 5828 3610 5881 Antto-
