4052 6400
380 298 515 367 ma
688 352 698 379 ,

453 528 471 561 ι
518 510 897 579 ἀκοινώνητος.
945 529 962 562 ι

476 605 517 654 Ο
558 602 746 671 παρὼν
778 602 959 655 κανὼν
990 604 1087 666 τὰς
1130 604 1446 673 μεταθέσεις
1479 605 1587 659 τῶν
1622 606 1937 660 ἐπισκόπων

377 691 510 754 ὅλως
542 693 601 745 οὐ
639 695 907 760 συγχωρεῖ
938 680 1180 761 γίνεσθαι
1206 712 1220 726 ·
1260 695 1395 747 ἀλλὰ
1431 696 1525 747 καὶ
1557 696 1605 747 εἰ
1638 678 1938 763 γένωνται,

379 782 665 850 αὐστηρῶς
690 785 815 844 τοὺς
843 784 1297 851 μετατιθεμένους
1328 786 1565 846 κολάζει.
1594 785 1943 838 Καταλαϐὁνα

380 891 468 932 τες
498 876 605 942 γάρ
634 875 683 925 οἱ
720 876 955 945 Πατέρες
984 876 1043 940 ἐξ
1071 875 1234 930 αὐτοῦ
1264 877 1359 929 τοῦ
1392 879 1716 946 πράγματος
1747 876 1819 938 ὡς
1854 876 1944 928 οῦ-

378 966 487 1027 δεὶς
514 967 621 1016 τῶν
653 966 965 1019 ἐπισκόπων
994 967 1099 1020 ἀπὸ
1134 968 1338 1029 πόλεως
1376 969 1620 1035 μείζονος
1654 970 1731 1028 είς
1762 966 1943 1033 ἐλαχιο

381 1056 643 1122 στοτέραν
688 1056 842 1107 πόλιν
889 1057 1248 1127 μετατεθῆναι
1292 1057 1615 1122 σπουδάζει,
1659 1056 1795 1109 ἀλλὰ
1837 1055 1947 1109 ἀπὸ

385 1149 586 1216 μικρᾶς
625 1149 833 1209 πόλεως
867 1149 958 1200 ἐπὶ
999 1149 1337 1219 ὑψηλοτέραν
1376 1149 1527 1202 πόλιν
1566 1148 1738 1200 ἐθέλει
1779 1162 1945 1216 μετα-

382 1240 553 1308 τηδᾷν
596 1240 682 1292 διὰ
730 1241 1046 1304 ἀλαζονείαν
1092 1243 1185 1293 καὶ
1234 1242 1563 1309 πλεονεξίαν,
1609 1242 1815 1309 ὥρισαν
1857 1238 1948 1289 τὸν

380 1331 621 1384 τοιοῦτον
655 1332 787 1399 μηδὲ
822 1333 1009 1386 λαῖκοῦ
1043 1334 1331 1387 κοινωνίαν
1363 1334 1507 1403 ἔχειν
1529 1374 1544 1398 ,
1578 1332 1712 1386 ἀλλὰ
1745 1331 1843 1383 σὺν
1872 1330 1949 1399 τῷ

382 1423 761 1494 καθαιρεῖσθαι
788 1427 879 1477 καὶ
911 1426 1295 1492 ἀφωρισμένον
1325 1421 1485 1478 εἶναι.

993 1517 1228 1568 ΚΑΝΩΝ
1264 1518 1337 1572 B’.

389 1624 407 1656 ι
456 1607 517 1658 Εἰ
552 1606 608 1659 δέ.
640 1624 724 1669 τις
755 1608 992 1670 τοιοῦτος
1028 1610 1334 1677 εὑρίσκοιτο
1373 1608 1643 1680 μανιώδης
1676 1610 1707 1677 ἢ
1746 1609 1949 1676 τολμηο

458 1718 477 1750 ι
525 1700 635 1769 ρδς,
681 1700 754 1763 ὼς
798 1703 923 1768 περὶ
966 1702 1073 1753 τῶν
1113 1701 1370 1754 τοιούτων
1411 1701 1560 1764 δόξαι
1601 1701 1723 1754 τινὰ
1767 1701 1952 1769 φέρειν

459 1810 481 1842 ι
526 1794 888 1862 παραίτησιν,
926 1793 1407 1862 διαϐεϐαιούμενος
1445 1795 1551 1848 ἀπὸ
1585 1795 1676 1847 τοῦ
1716 1794 1953 1863 πλήθους
1985 1801 2028 1854 Β

465 1900 484 1933 ι
529 1884 664 1951 πρὸς
692 1883 883 1936 ἑαυτὸν
909 1885 1231 1953 κεκομίσθαι
1260 1886 1565 1954 γράμματα
1584 1903 1596 1915 ⁸
1624 1884 1782 1955 δῆλόν
1808 1887 1957 1938 ἐστιν

462 1989 481 2021 ι
527 1973 735 2040 ὀλίγους
773 1976 923 2036 τινὰς
963 1975 1302 2045 δεδυνῆσθαι,
1343 1976 1518 2046 μισθῷ
1558 1977 1652 2030 καὶ
1689 1977 1958 2046 τιμήματι

460 2081 480 2115 t
525 2065 918 2135 διαφθαρέντας
964 2069 1021 2119 ἐν
1063 2070 1128 2137 τῇ
1178 2068 1443 2139 ἐκκλησίᾳ
1493 2066 1840 2131 στασιάζειν,
1884 2067 1959 2130 ὡς

468 2173 486 2205 ι
532 2155 691 2223 δῆθεν
741 2158 1025 2221 ἀξιοῦντας
1072 2159 1163 2211 τὸν
1212 2161 1375 2213 αὑτὸν
1425 2159 1567 2229 ἔχειν
1618 2160 1913 2213 ἐπίσκοπον
1942 2174 1957 2188 °

466 2264 485 2295 ι
532 2246 787 2311 καθάπαξ
818 2246 910 2301 οὖν
940 2251 1038 2312 τὰς
1075 2251 1424 2321 ῥᾳδιουργίας
1454 2252 1555 2314 τὰς
1585 2251 1837 2313 τοιαύτας
1870 2252 1963 2304 καὶ

466 2358 484 2389 ι
529 2340 720 2408 τέχνας
762 2341 1059 2404 κολαστέας
1105 2339 1244 2396 εἶναι
1288 2344 1526 2413 νομίζω,
1574 2344 1714 2398 ὥστε
1762 2344 1963 2413 μηδένα

468 2450 486 2481 ι
535 2432 774 2485 τοιοῦτον
800 2434 935 2503 μηδέ
960 2436 1016 2486 ἐν
1048 2434 1118 2504 τῷ
1143 2436 1283 2488 τέλει
1308 2436 1503 2505 λαῖκῆς
1529 2435 1661 2504 γοῦν
1683 2435 1964 2501 ἀξιοῦσθαι

474 2541 492 2573 ι
539 2526 841 2587 κοινωνίας.
864 2527 924 2578 Εἰ
940 2526 1114 2579 τοίνυν
1132 2528 1354 2597 ἀρέσκει
1378 2529 1410 2597 ὴ
1435 2527 1627 2595 γνώμη
1651 2526 1812 2594 αὕτη,
1832 2527 1965 2579 ἀπο-

467 2635 487 2667 ‹
533 2617 809 2685 κρίνασθε.
843 2619 1253 2689 Ἀπεκρίναντο⁹
1282 2620 1364 2672 Τά
1391 2621 1647 2689 λεχθέντα
1676 2621 1893 2691 ἡρεσεν.
1941 2638 1959 2670 ι

461 2707 660 2765 ΒΔΛΣ.
706 2713 816 2765 Καὶ
860 2706 1013 2775 οὗτος
1059 2715 1087 2767 ό
1132 2712 1311 2767 κανὼν
1349 2714 1443 2766 τοῦ
1492 2712 1540 2765 α’
1564 2712 1829 2782 ἐξέχεται.
1871 2711 1969 2765 Τι-

391 2801 499 2853 νῶν
536 2803 645 2873 γὰρ
686 2804 1001 2857 ἐπισκόπων
1034 2806 1373 2876 αἰτιωμένων
1406 2805 1494 2858 διὰ
1525 2804 1626 2874 τὴν
1660 2806 1723 2857 ἐκ
1764 2803 1970 2865 πόλεως

394 2896 473 2955 είς
502 2896 653 2947 πόλιν
680 2898 887 2949 τούτων
914 2899 1265 2966 μετάστασιν,
1283 2900 1374 2952 καὶ
1398 2899 1817 2967 ἐπιχειρούντων
1833 2913 1972 2966 παρ-

394 2985 684 3048 αιτεῖσθαι,
733 2988 900 3056 ἦγουν
951 2989 1347 3051 άποσκευάζειν
1374 2988 1436 3052 ἐξ
1464 2989 1643 3041 αὐτῶν
1672 2987 1768 3057 τὴν
1796 2987 1974 3040 αἰτία-

398 3094 503 3140 σιν,
537 3079 601 3130 ἐκ
634 3077 727 3129 τοῦ
762 3078 941 3145 λέγειν
974 3079 1063 3130 διὰ
1099 3081 1443 3149 γραμμάτων
1473 3076 1568 3132 τοῦ
1604 3078 1837 3148 πλήθους
1871 3077 1971 3146 τῆς

397 3169 606 3231 πόλεως
644 3172 969 3238 μεταπεσεῖν
999 3172 1063 3222 ἐκ
1090 3170 1190 3239 τῆς
1220 3170 1490 3241 λαχούσης
1519 3171 1738 3237 αὐτοὺς,
1765 3170 1969 3237 ὥρισαν
1997 3143 2040 3201 C

392 3262 448 3312 οἱ
496 3262 736 3330 Πατέρες
783 3262 919 3331 μηδέ
960 3262 1117 3316 τοῦτο
1162 3264 1241 3327 είς
1289 3264 1587 3333 ἀπολογίαν
1627 3264 1849 3332 ἀρκεϊνν
1893 3264 1976 3316 ὄτι

398 3349 509 3400 τῶν
540 3351 765 3403 εἰκότων
795 3354 911 3404 ἐστι
945 3353 1406 3424 ῥᾳδιουργηθῆναι
1437 3353 1663 3407 τοιαῦτα
1697 3355 1785 3408 διά
1813 3370 1976 3407 τινων

398 3440 594 3507 ὀλίγων
622 3442 858 3496 ἐποίκων
883 3444 981 3514 τῆς
1008 3445 1214 3511 πόλεως
1242 3446 1650 3515 διαφθαρέντων
1675 3448 1978 3517 νομίσμασι

398 3534 495 3586 καὶ
517 3531 625 3587 οἷον
652 3536 1069 3604 μισθωθέντωΨ
1094 3538 1215 3591 ὅθεν
1238 3539 1333 3591 καὶ
1358 3539 1639 3591 ἐκώλυσαν
1662 3540 1787 3601 τοὺς
1808 3540 1984 3595 ταῦτα

398 3626 828 3694 τεχναζομένους
867 3628 1200 3690 ἐπισκόπους
1238 3629 1329 3681 διὰ
1368 3630 1665 3693 παντελοῦς
1704 3631 1984 3701 ἀποκηρύ-

402 3716 569 3780 ξεως,
614 3716 755 3769 ὥστε
803 3718 938 3787 μηδέ
983 3720 1315 3786 θνήσκοντας
1361 3722 1592 3787 αὐτοὺς,
1639 3722 1715 3784 ὠς
1761 3722 1982 3784 λαῖκοῦς

402 3808 685 3875 ἀξιοῦσθαι
720 3809 1026 3872 κοινωνίας.
1063 3811 1282 3864 Τούτων
1314 3811 1370 3865 δὲ
1406 3810 1579 3875 οῦτως
1613 3814 1868 3881 ἐχόντων,
1908 3814 1982 3883 μὴ

402 3901 562 3971 εῐπῃς
592 3901 721 3963 τοὺς
755 3900 893 3970 μετά
923 3900 1185 3969 ἀληθείας
1223 3902 1666 3971 μετακληθέντας
1700 3904 1851 3974 παρά
1880 3919 1993 3959 ποον

403 3990 564 4044 λιτῶν
598 3990 1090 4059 συγγινώσκετθαι,
1124 3988 1155 4060 ἢ
1195 3990 1268 4060 μὴ
1305 3993 1867 4062 συγγινωσκομένους,
1900 4010 1983 4045 τι-

413 4082 712 4150 μωρείσθαι
740 4083 882 4135 κατά
906 4083 1031 4143 τοὺς
1060 4084 1561 4152 ῥᾳδιουργήσαντας
1584 4085 1684 4155 τὴν
1714 4084 1985 4154 μετάκλη-

410 4192 494 4227 σιν
510 4190 522 4203 ·
548 4174 662 4227 ἀλλ’
682 4173 802 4226 εἰπὲ
828 4174 1024 4235 αὐτοὺς
1048 4172 1449 4241 καθαιρεῖσθαι,
1474 4173 1547 4237 ὡς
1574 4174 1649 4244 μὴ
1672 4174 1986 4243 ὀφείλοντας

410 4266 708 4318 ὑπακούειν
740 4266 1020 4334 ἀμετόχων
1050 4264 1373 4334 ἀνθρώπων.

482 4352 726 4412 ΖΩΝΛΡ.
765 4360 825 4411 Εἰ
863 4358 916 4409 δὲ
950 4358 1201 4411 τοσοῦτόν
1235 4360 1369 4420 ἐστι,
1409 4358 1562 4427 φησι,
1604 4358 1875 4428 μανιώδης
1906 4378 1989 4423 τις

413 4450 444 4520 ἢ
488 4451 794 4520 τολμηρὸς,
842 4448 981 4502 ὥστε
1030 4449 1123 4501 καὶ
1168 4450 1307 4517 μετὰ
1346 4450 1441 4501 τὸν
1483 4450 1681 4502 κανόνα
1722 4450 1988 4520 τολμῆσαι

418 4546 743 4608 μεταπεσεῖν
784 4545 845 4595 ἐκ
894 4542 1099 4603 πόλεως
1146 4544 1225 4603 εἰς
1274 4541 1446 4603 πόλιν,
1489 4541 1583 4593 καὶ
1630 4544 1755 4609 περὶ
1801 4542 1992 4597 τούτου

413 4633 588 4687 δοκεῖν
624 4634 807 4701 φέρειν
843 4634 1205 4703 παραίτησιν,
1243 4633 1409 4703 ἤγουν
1442 4633 1861 4700 ἀπολογεῖσθαι,
1898 4636 1995 4688 καλ⁸

416 4727 802 4795 παραιτεῖσθαι
831 4729 928 4796 τὴν
962 4726 1195 4795 μέμψιν,
1223 4727 1344 4779 ἀντὶ
1374 4725 1467 4778 τοῦ
1498 4727 1993 4792 ἀποσκευάζεσθαι,

416 4818 892 4887 διαόεὖαιούμενος
930 4819 1048 4887 ἤτοι
1084 4819 1434 4889 ἐνιστάμενος
1470 4818 1797 4887 κεκομίσθαι
1835 4821 1996 4872 αὐτὸν

418 4914 722 4982 γράμματα
752 4914 860 4967 ἀπὸ
890 4912 984 4965 τοῦ
1020 4913 1256 4982 πλήθους
1285 4912 1383 4981 τῆς
1414 4912 1621 4974 πόλεως
1655 4913 1996 4982 μετακαλού-

424 5023 563 5072 μενα
607 5006 771 5058 αὑτὸν
816 5007 895 5068 εἰς
939 5006 1037 5071 τὴν
1084 5008 1421 5074 ἐπισκοπὴν·
1461 5005 1618 5074 δῆλον
1661 5005 1755 5079 ὅτι·
1786 5005 1997 5071 ὀλίγους

420 5096 572 5157 τινὰς
614 5096 854 5167 ἠδυνήθη
901 5100 1085 5149 πεῖσαι
1138 5098 1448 5161 στασιάζειν
1490 5098 1547 5148 ὲν
1607 5098 1697 5165 τῆ
1730 5097 2000 5167 ἐκκλησίᾳ

422 5188 706 5251 ἀξιοῦντας
750 5186 896 5259 ἔχειν
939 5189 1100 5242 αὐτὸν
1145 5189 1464 5241 ἐπίσκοπον.
1512 5188 1623 5241 Καὶ
1666 5188 1906 5251 ἐκείνους
1944 5191 2002 5241 δὲ

428 5282 770 5349 ἐμισθώσατο
798 5284 892 5336 καὶ
919 5283 1160 5352 ἠγόρασε
1185 5283 1244 5334 τὸ
1276 5283 1511 5351 ζητῆσαι
1541 5284 1724 5345 αὑτὸν,
1754 5282 1878 5345 δοὺς
1908 5282 2002 5333 αύ-

426 5379 538 5437 τοῖς
567 5377 848 5445 χρήματα,
881 5376 1039 5429 ἅτινα
1071 5376 1164 5428 καὶ
1194 5376 1386 5444 μισθὸν
1418 5376 1511 5427 καὶ
1542 5377 1761 5443 τίμημα
1789 5373 2006 5441 ὠνόμα-

431 5481 521 5519 σεν
551 5471 578 5519 ὁ
611 5467 811 5521 κανών.
842 5468 1115 5527 Καθόλου,
1149 5469 1306 5535 φησι,
1338 5468 1435 5530 τὰς
1462 5465 1718 5527 τοιαύτας
1755 5466 2007 5537 ῥᾳδιουρ-

429 5560 557 5627 γίας
598 5561 715 5630 ἦτοι
760 5560 1074 5629 δολιότητας
1121 5562 1216 5612 καὶ
1258 5559 1455 5628 τέχνας
1502 5558 1649 5627 παρὰ
1691 5558 2005 5611 ἐπισκόπων

430 5653 679 5718 γίνεσθαι
708 5652 985 5714 κολάτεὼς
1012 5654 1157 5705 ἐστιν
1186 5653 1357 5719 ἄξιον.
1387 5652 1451 5704 Ἡ
1480 5652 1537 5703 δὲ
1567 5649 1785 5711 κόλασις
1814 5650 1872 5701 τὸ
1905 5665 2008 5716 μη-

428 5744 559 5799 δένα
590 5730 1101 5800 τοιαῦτα-ποιοῦντα
1124 5784 1138 5809 ,
1177 5744 1313 5814 μηδὲ
1348 5742 1648 5814 θνήσκοντα
1668 5780 1685 5809 ,
1716 5739 1791 5806 ὡς
1822 5740 2009 5795 λαϊκὸν

1530 308 1612 367 ΙΝ
1640 308 1801 370 CAN.
1839 308 1896 367 II
1935 308 2137 370 CONC.
2208 309 2497 372 SARDIC.

452 438 470 470 ι
516 419 608 471 καὶ
637 416 963 487 πλεονέκτης
990 418 1442 490 ὗποόλεπόμενος,
1470 419 1556 474 διὰ
1588 421 1702 491 βίου
1733 421 1931 482 παντὸς
1961 431 2005 486 Α

3460 297 3592 362 1430
3622 322 3627 329 ί

2115 444 2133 476 ι
2171 426 2286 490 ibit,
2341 433 2593 491 tanquam
2640 436 2901 491 arrogans
2951 432 3005 475 ct
3054 433 3271 485 avarus,
3303 432 3399 486 per
3425 428 3594 471 totam
3640 453 3648 459 -

2116 536 2134 567 ι
2173 519 2334 571 vitam
2362 515 2929 570 cxcommuuicabitur.
2972 532 2989 563 ι

2109 609 2353 664 Ριιεεειιε
2398 623 2567 662 canon
2614 608 2985 674 episcoporum
3037 602 3421 658 translationes
3471 600 3586 655 fieri

2042 718 2146 754 non
2180 700 2398 753 omnino
2437 698 2723 767 permittit,
2758 697 2910 749 autsi
2947 698 3095 761 ﬁant,
3133 710 3323 764 poenas
3355 710 3381 746 a
3413 702 3596 746 trans-

2043 793 2161 847 latis
2224 806 2411 848 severe
2449 792 2597 859 petit.
2629 788 3097 856 Deprehendeutes
3128 786 3268 840 enim
3300 785 3487 838 Patres
3532 798 3597 836 ex

2042 901 2106 939 eo
2136 884 2273 953 quod
2323 881 2500 935 nullus
2540 881 2908 947 episcoporum
2956 893 2983 930 a
3031 878 3246 930 civitate
3296 874 3478 940 majori
3532 874 3603 926 ad

2046 974 2303 1027 minorem
2338 970 2613 1026 transferri
2644 969 2911 1022 civitatem
2948 966 3145 1030 Studet,
3175 966 3265 1017 sed
3306 980 3333 1014 a
3362 964 3609 1021 ,civitate

2047 1082 2205 1134 parva
2240 1066 2305 1118 ad
2336 1064 2696 1117 sublimiorem
2729 1061 2958 1129 migrare
2996 1060 3143 1126 cupit
3182 1057 3475 1113 civitatem,
3499 1069 3596 1122 per

2046 1158 2402 1223 arrogauliaut
2437 1165 2490 1207 et
2523 1154 2670 1223 plura
2702 1150 2929 1206 habendi
2976 1149 3316 1216 cupiditatem
3350 1146 3604 1199 videlicet

2051 1252 2184 1308 fieri.
2218 1251 2568 1304 decretrerunt
2615 1245 2773 1298 talem
2830 1257 2927 1296 nec
2975 1241 3094 1294 laici
3131 1241 3325 1293 habere
3354 1252 3604 1291 cntnmu-

2051 1344 2284 1403 nionem,
2319 1340 2409 1394 sed
2440 1355 2560 1393 cum
2590 1335 2923 1405 depositione
2954 1333 3114 1387 etiam
3150 1328 3606 1385 excommunica—

2054 1444 2162 1487 lum
2194 1449 2335 1489 esse.

2640 1518 2868 1575 CANON
2916 1517 2979 1571 ll.

2061 1637 2079 1670 ι
2122 1616 2178 1673 Si
2211 1619 2331 1687 quis
2371 1628 2549 1671 autem
2587 1616 2721 1669 adeo
2772 1615 2993 1668 insanus
3024 1610 3107 1665 vel
3159 1609 3329 1662 audax
3369 1605 3612 1660 invenia-

2133 1728 2151 1760 ι
2198 1721 2302 1773 tur,
2335 1720 2389 1762 ut
2421 1707 2488 1762 de
2515 1708 2579 1761 iis
2612 1706 2856 1759 videatur
2891 1702 3122 1771 aliquam
3167 1697 3357 1761 afferre
3386 1711 3614 1750 excusa-

2132 1821 2151 1856 ι
2186 1803 2404 1865 tionem,
2447 1814 2714 1858 asserens,
2766 1797 2866 1849 sibi
2921 1809 2947 1847 a
3006 1792 3202 1862 populo
3264 1790 3467 1842 allatas
3497 1802 3616 1841 esse

2134 1912 2159 1946 ι
2193 1896 2429 1947 litteras:
2462 1890 2663 1945 clarum
2715 1898 2815 1947 est,
2866 1884 3103 1953 potuisse
3151 1895 3351 1948 paucos
3405 1878 3617 1945 aliquos

2138 2006 2158 2039 ι
2199 1986 2442 2040 mercede
2468 1994 2521 2037 et
2548 1981 2719 2051 pretio
2748 1985 3029 2043 corruptus
3067 1974 3119 2026 in
3152 1970 3377 2027 ecclesia
3404 1968 3622 2022 seditio-

2138 2098 2157 2131 ι
2194 2094 2313 2133 nem
2349 2091 2582 2137 movere,
2610 2085 2668 2126 ut
2712 2071 2955 2125 eumdem
2991 2068 3175 2134 utique
3220 2063 3383 2118 velint
3420 2061 3621 2115 habere

2140 2189 2158 2222 ι
2200 2170 2528 2239 episcopum.
2550 2228 2553 2231 _
2577 2166 2806 2221 Omnino
2835 2166 2962 2229 ει·ᾱο
2993 2161 3091 2214 has
3124 2160 3342 2213 fraudes
3373 2163 3426 2208 et
3472 2163 3618 2206 artes

2060 2294 2063 2301 -
2144 2281 2176 2336 ι.
2197 2258 2492 2332 puniendas
2519 2272 2639 2313 esse
2653 2256 2922 2317 existimo,
2950 2261 3007 2306 ut
3026 2266 3184 2305 nemo
3218 2246 3513 2317 possit,qui
3542 2254 3624 2296 est

2140 2378 2159 2411 «ι
2195 2354 2477 2425 ejusmodi,
2507 2367 2574 2406 ne
2607 2355 2660 2403 itt
2701 2351 2804 2402 fine
2847 2350 3059 2417 quidem
3093 2346 3223 2399 laica
3251 2340 3627 2398 communione

2142 2469 2160 2501 c
2200 2449 2393 2518 dignus
2424 2444 2636 2499 haberi.
2671 2444 2749 2496 Att
2781 2455 2910 2508 ergo
2961 2439 3074 2491 hzec
3122 2436 3294 2504 placet
3335 2431 3623 2492 sententia,

2142 2561 2160 2594 ι
2197 2540 2533 2609 respondete.
2564 2534 2985 2605 ReSponderunt
3017 2548 3030 2585 :
3066 2530 3279 2584 Placent
3331 2540 3447 2593 qua:
3486 2524 3629 2578 dicta

2148 2654 2168 2686 ι
2213 2640 2356 2688 sunt.
2394 2650 2413 2682 ι

2140 2722 2338 2779 BALS.
2368 2720 2465 2776 Hic
2497 2732 2707 2789 quoque
2734 2730 2904 2771 canon
2938 2729 2967 2767 a
3003 2712 3181 2780 primo
3200 2706 3478 2775 dependet.
3499 2704 3630 2759 Cum

2070 2820 2212 2876 enim
2248 2816 2462 2886 quidam
2491 2810 2726 2880 episcopi
2753 2815 3139 2861 accusarentur
3168 2808 3385 2871 propter
3421 2812 3572 2851 suam
3603 2810 3632 2849 a

2071 2912 2287 2968 civitate
2319 2910 2371 2964 in
2406 2906 2676 2962 civitatem
2711 2897 3261 2963 transmigrationem,
3287 2902 3339 2947 et
3372 2905 3635 2946 conaren-

2074 3015 2164 3060 tur
2200 3017 2259 3058 se
2284 3012 2564 3062 excusare,
2599 3010 2692 3050 seu
2723 3008 2787 3048 ex
2816 3007 2874 3047 se
2901 2986 3328 3044 criminationem
3383 2981 3634 3043 amoliri,

2072 3114 2137 3153 eo
2161 3095 2301 3165 quod
2329 3082 2566 3146 dicerent
2596 3102 2691 3156 per
2718 3083 2896 3155 populi
2929 3079 3162 3137 civitatis
3209 3079 3417 3132 litteras
3444 3089 3502 3129 se
3547 3087 3634 3126 re-

2077 3187 2306 3242 cessisse
2334 3184 2401 3238 ab
2429 3196 2489 3235 ea
2518 3180 2735 3235 civitate
2764 3191 2884 3246 quae
2930 3173 3047 3229 illos
3078 3170 3266 3226 sortita
3300 3178 3379 3223 est
3405 3182 3421 3234 ;
3449 3166 3641 3220 decre-

2078 3285 2273 3333 verunt
2299 3275 2505 3339 Patres,
2533 3287 2603 3326 ne
2634 3272 2732 3324 hoc
2757 3268 2974 3338 quidem
3008 3264 3073 3319 ad
3100 3261 3462 3318 defensionem
3497 3254 3643 3312 sulﬁ-

2078 3385 2223 3429 cere.
2277 3367 2401 3436 quia
2458 3361 2751 3419 verisimile
2784 3368 2869 3414 est
2913 3358 3028 3413 haec
3061 3352 3254 3408 callide
3302 3349 3440 3405 facta
3478 3347 3643 3403 fuisse

2080 3477 2177 3531 per
2213 3472 2410 3526 paucos
2442 3454 2676 3510 civitatis
2706 3451 3038 3507 habitatores
3066 3443 3305 3515 pecuniis
3334 3448 3644 3508 corruptos,

2080 3528 2134 3607 et
2165 3551 2326 3606 veluti
2355 3548 2599 3602 mercede
2628 3544 2942 3603 conductos.
2979 3538 3129 3594 Unde
3155 3544 3207 3590 et
3227 3534 3527 3602 episcopos,
3552 3528 3645 3598 qui

2082 3645 2195 3698 lucc
2221 3640 2619 3700 machinantur,
2651 3650 2744 3703 per
2779 3633 3075 3700 perfectam
3106 3626 3499 3680 abdicationem
3545 3635 3646 3690 pu-

2082 3735 2317 3791 nierunt,
2350 3740 2405 3783 Ill
2440 3744 2505 3784 ne
2548 3727 2839 3781 morientes
2870 3724 3084 3794 quidem
3143 3729 3203 3774 ut
3243 3718 3364 3771 laici
3402 3729 3643 3768 commu-

2086 3821 2244 3872 nione
2298 3816 2441 3886 digni
2495 3815 2815 3887 habeantur.
2856 3812 2949 3864 llis
2978 3820 3160 3863 autem
3198 3809 3266 3860 ita
3298 3821 3355 3860 se
3394 3802 3649 3857 habenti-

2084 3913 2203 3976 lms,
2276 3926 2341 3963 ue
2424 3908 2627 3963 dixeris
2657 3905 2735 3960 eis
2769 3918 2887 3959 esse
2917 3904 3298 3973 ignocendum,
3331 3899 3419 3963 qui
3452 3912 3478 3949 a
3514 3895 3617 3949 civi
3648 3930 3651 3933 -

2084 4002 2185 4054 bus
2220 4017 2342 4055 vere
2369 4001 2573 4054 evocati
2608 4005 2769 4060 sunt;
2805 3995 2880 4048 vel
2912 3996 2955 4049 si
3007 4008 3113 4047 non
3168 3991 3499 4061 ignoscatur,
3533 4003 3652 4043 esse

2086 4094 2404 4163 puniendos.
2442 4099 2499 4143 ιιι
2547 4105 2639 4141 eos
2674 4090 2763 4155 qui
2813 4087 3180 4141 evocationem
3227 4082 3412 4135 fraude
3446 4079 3653 4134 machi-

2090 4194 2287 4236 uantur
2319 4199 2332 4235 :
2361 4184 2449 4235 sed
2500 4181 2583 4234 dic
2633 4194 2723 4233 eos
2754 4177 3095 4245 deponendos
3142 4189 3285 4237 esse,
3338 4181 3397 4224 ttt
3426 4170 3515 4237 qui
3550 4184 3653 4225 non

2090 4276 2319 4329 debeant
2356 4274 2541 4326 audire
2578 4270 2825 4325 homines
2859 4269 2924 4321 ad
2956 4268 3100 4335 ipsus
3156 4281 3259 4318 non
3299 4263 3653 4333 pertinentes.

2158 4366 2411 4422 ZONAR.
2444 4364 2597 4431 Quod
2624 4361 2666 4414 si
2697 4340 2837 4428 qtiis,
2872 4358 3067 4423 inquit,
3104 4359 3236 4409 adeo
3267 4356 3493 4409 insanus
3534 4350 3651 4405 tau-

2022 4476 2073 4535 ι)
2099 4471 2257 4528 taque
2276 4458 2597 4514 conlitlrut‘a
2620 4454 2875 4522 pneditus
2902 4451 3216 4520 reperiatur,
3238 4447 3328 4515 qui
3354 4447 3511 4501 etiam
3541 4454 3661 4513 post

2098 4556 2239 4606 hunc
2273 4566 2533 4619 caunnem
2565 4549 2765 4602 editum
2795 4545 3065 4598 civitatem
3102 4551 3308 4594 mutare
3336 4552 3499 4592 ausus
3549 4536 3666 4589 fuco

2097 4646 2185 4706 rit.
2214 4659 2385 4710 eoque
2416 4657 2473 4696 se
2501 4654 2782 4703 excusare,
2811 4637 2913 4691 hoc
2943 4644 3054 4699 est,
3106 4633 3239 4686 tueri
3294 4630 3496 4684 factum
3551 4628 3663 4679 cri-
3722 4702 3723 4705 η

2097 4752 2331 4808 tnenque
2364 4735 2607 4789 refellere
2650 4732 2783 4786 velle
2807 4730 3076 4788 videatur,
3107 4727 3246 4795 quod
3286 4724 3513 4784 litteras,
3543 4720 3665 4788 qni—

2100 4829 2198 4881 hus
2235 4827 2298 4879 ad
2346 4824 2701 4893 episcOpalem
2759 4836 2942 4874 curam
2985 4827 3343 4879 evocaretur,
3392 4827 3420 4865 a
3476 4809 3668 4879 populo

2099 4919 2308 4972 urbano
2352 4933 2411 4971 se
2446 4917 2654 4976 tulisse,
2694 4914 2752 4966 id
2796 4922 2913 4976 est,
2946 4910 3220 4975 accepisse
3251 4912 3457 4960 asserat
3490 4918 3553 4955 ac
3580 4902 3672 4954 de—

2103 5011 2318 5073 fendat;
2368 5008 2529 5062 facile
2572 5014 2815 5074 apparet.
2866 5002 3055 5071 paucis
3112 4999 3446 5060 hominibus,
3507 5003 3565 5046 ut
3617 4992 3669 5047 itt

2100 5101 2327 5157 ecclesia
2378 5098 2717 5153 seditionem-
2743 5094 3062 5156 excitarent,
3096 5093 3378 5156 ipsumque
3419 5086 3519 5138 sibi
3553 5085 3671 5150 epi—

2102 5208 2324 5261 scopum
2353 5192 2729 5254 deposcerenl,
2758 5186 2827 5240 ab
2850 5198 2914 5238 eo
2944 5181 3255 5251 persuaderi
3280 5177 3536 5247 potuisse.
3565 5174 3672 5228 Sed

2104 5300 2291 5336 eorum
2326 5280 2574 5350 suffragia
2624 5279 2727 5332 sibi
2777 5276 2865 5329 ille
2912 5274 3159 5329 videlicet
3213 5278 3519 5324 emercatus
3568 5273 3677 5326 est,

2107 5376 2410 5445 pecuniam,
2438 5387 2601 5441 quam
2630 5368 2934 5424 mercedem
2982 5380 3047 5419 ac
3096 5364 3329 5432 pretium
3363 5375 3535 5414 eanon
3574 5372 3673 5425 ap-

2108 5467 2293 5537 pellat.
2328 5463 2634 5519 homiuihus
2658 5460 2963 5525 dilargitus.
3000 5456 3234 5511 Omnino
3269 5453 3451 5520 igitur,
3478 5450 3675 5516 inquit,

2108 5554 2443 5624 episcopum,
2474 5550 2539 5605 ad
2566 5550 2792 5604 callidas
2824 5547 2925 5601 has
2947 5556 3092 5600 artes
3123 5544 3240 5597 sive
3264 5542 3501 5595 fallacias
3530 5538 3677 5593 frau-

2110 5644 2313 5714 desque
2361 5642 2791 5714 confugientem,
2850 5640 3066 5707 impune
3112 5634 3264 5690 abire
3315 5633 3455 5689 haud
3502 5635 3681 5687 decet.

2114 5737 2232 5791 Erit
2260 5751 2388 5807 ergo
2418 5736 2538 5792 haec
2567 5729 2986 5797 animadversio,
3014 5738 3069 5785 ut
3098 5728 3188 5800 qui
3221 5726 3422 5797 aliquid
3459 5724 3563 5781 tale
3587 5728 3683 5779 ad-
