2026 3195
178 161 243 193 M3}

750 156 791 189 IN
808 157 892 189 CAN.
906 156 949 187 ΙΙΙ
964 155 1068 188 ΟὓΝΟ.
1088 152 1235 189 SARDIC.

1720 150 1785 187 ili

173 222 213 251 εἰς
227 219 302 246 πόλιν
315 220 366 246 ὑπὸ
383 219 432 253 τὴν
449 219 534 254 αὑτὴν
549 219 683 254 ἐπαρχίαν
696 217 779 245 οὖσαν
792 216 949 253 πλεονεξίαν

1006 216 1059 243 icm
1086 224 1100 243 a
1124 218 1233 245 civitate
1255 218 1282 245 in
1296 219 1444 251 civitatem,
1470 221 1530 253 qua:
1556 220 1597 246 est
1620 215 1670 244 sub
1693 216 1785 241 eadem

172 266 189 301 ἢ
206 265 364 298 ἀλαζονείαν
378 265 426 292 τοῦ
446 265 596 292 ἐπισκόπου
620 265 778 299 κατηγορεῖ,
803 262 950 291 κάντεῦθεν

173 313 220 338 καὶ
235 312 403 347 τιμωρητέον
419 311 491 338 ἐστι·
508 310 538 338 τὸ
554 311 582 337 δὲ
599 310 777 345 μεθίστασθαι
793 309 950 343 ἀπδὲπαρ-

173 359 234 393 χίας
257 358 297 390 είς
319 357 451 393 ἐπαρχίαν
475 356 649 392 περιελείφθη
672 356 831 387 ἀκόλαστον,
847 354 884 386 ὥς
906 355 951 381 ὲν-

173 403 268 430 una“
283 403 320 438 μὴ
343 403 557 438 ἀναφαινομένου
573 403 676 436 φαύλου
691 402 773 435 τίνὺςς
787 401 832 428 διὰ
851 401 882 428 τδ
902 400 952 432 τὰς

175 450 310 484 ἐπαρχίας
325 450 354 483 ἐξ
371 450 493 484 ἀλλήλων
505 449 600 485 πόρῤω
615 448 832 480 ἀποδιίστασθαι,
846 447 894 474 καὶ
911 447 949 482 μὴ

173 496 272 522 διδόναι
285 495 399 530 πάροδον
410 496 466 527 τοῖς
480 496 509 521 ὲν
521 495 617 526 αὑταῖς
632 494 793 525 ἐπισκόποις
803 493 950 527 γινώσκειν

173 540 221 570 τὰς
233 540 287 566 τῶν
302 540 438 574 ἑκατέρων
450 539 602 574 ἐκκλησιῶν
613 532 741 571 εἰσόδους,
751 540 798 565 καὶ
812 538 847 564 τὰ
861 537 951 573 πλήθη

173 586 221 612 τοῦ
237 587 266 612 ἐν
279 585 389 617 ταύταις
404 585 479 612 λαοῦ.
492 584 584 612 Ταῦτα
603 585 669 620 γοῦν
686 585 724 620 μὴ
742 583 951 619 παραδεξαμένη

173 633 189 666 ἡ
206 632 324 663 σύνοδος,
341 633 499 666 παρομοίως
513 632 560 659 καὶ
576 632 689 663 τούτους
705 631 867 663 κολάζεσθαι
889 628 952 656 διω-

174 678 279 712 picata.
300 677 419 704 Ἀκούων
443 679 472 705 δὲ
489 677 535 704 τοῦ
563 678 676 710 κανόνος
703 677 887 713 διοριζομένου
910 682 952 704 τιν

177 724 325 758 μωρείσοαι
339 725 402 756 τοὺς
426 724 639 759 μεταῦαίνοντας
662 724 760 759 ἀκλητὶ
785 724 953 754 ἐπισκόπους

175 771 228 796 ἀπὸ
243 771 376 805 ὲπαρχὲας
391 770 431 802 είς
446 770 544 805 ἑτέραν
559 771 695 806 ἐπαρχίαν
708 770 824 806 ἔχουσαν
839 770 953 796 ἐπίσκο-

174 825 234 847 πον,
253 817 289 851 μὴ
310 817 389 852 εἴπῃς
402 816 565 848 ἀνευθύνους
578 815 647 843 εἶναι
663 816 725 848 τοὺς
742 816 816 851 ἱερου
823 815 953 851 ργοῦντας

173 863 214 893 si;
229 862 326 896 ἐτέρας
351 858 486 897 ἐπαρχίας
508 862 545 897 μὴ
569 862 683 898 ἐχούσας
708 862 882 893 ἐπισκόπους.
899 861 953 888 Καὶ

173 904 245 933 οὗτοι
274 907 328 942 γὰρ
357 907 457 941 ὁμοίιος
485 908 537 934 ὑπὸ
561 908 615 934 τῶν
638 907 758 934 κανόνων
783 906 954 933 εὖθύνονται.

174 953 328 988 Προσετέθη
344 953 371 979 δὲ
387 954 429 985 τὸ,
447 954 491 981 Ἐν
543 954 724 988 τυγχάνουσιν
743 955 898 984 ἐπίσκοποι,
911 953 955 980 διὰ

171 1000 235 1030 τοὺς
249 1001 415 1031 ἐπισκόπους
432 1001 495 1032 τοὺς
512 1001 621 1035 ἔχοντας
635 1002 744 1035 ὲνορίας
761 1001 800 1031 εξς
812 1000 858 1027 δύο
873 1000 889 1035 ἢ
907 1001 955 1026 καὶ

172 1046 247 1079 τρεῖς
271 1046 401 1078 πολλάκις
423 1047 567 1081 ἐπαρχίας.
589 1047 649 1073 Ἔτι
674 1047 814 1082 ἐπήγαγεν
835 1047 849 1073 ὁ
865 1045 955 1072 κανὼν

173 1093 219 1118 καὶ
242 1092 334 1127 ἕτερον
358 1092 516 1125 κεφάλαιον,
539 1094 585 1120 καὶ
607 1092 699 1120 εἶπεν·
726 1094 757 1120 ΕΞ
778 1093 806 1120 δὲ
825 1093 953 1128 πρᾶγμα,

169 1138 255 1173 ῆγουν
267 1138 405 1170 ὑπόθεσιν,
416 1139 472 1174 ἔχει
486 1139 635 1172 ἐπίσκοπος
658 1140 728 1174 μετὰ
752 1139 954 1166 συνεπισκόπου

173 1182 267 1216 αὑτοῦ,
282 1184 324 1216 τίς
337 1185 439 1219 ὀφείλει
462 1185 511 1220 τὴν
537 1186 666 1211 ὑπόθεσιν
686 1185 826 1218 δικάζειν;
844 1186 954 1219 Ὦρισεν

171 1229 219 1255 οὖν
231 1230 282 1256 ὑπὸ
302 1230 357 1257 τῶν
379 1231 558 1266 ὲπαρχιωτῶν
573 1232 729 1258 ἐπισκόπων
744 1231 857 1262 τούτους
878 1231 955 1257 δικά-

173 1275 278 1309 ζεσθαι,
303 1278 350 1303 καὶ
379 1278 415 1312 μή
441 1285 500 1304 τινα
530 1277 583 1304 τῶν
610 1271 795 1313 δικαζομὲνών
817 1278 846 1310 ἐξ
871 1277 954 1312 ἄλλης

172 1323 309 1358 ἐπαρχίας
327 1323 540 1358 μετακαλείσθαι
558 1323 777 1358 συνδιαγνώμονα
792 1324 951 1350 ἐπίσκοπον·

172 1369 374 1402 καταγινώσκει
393 1369 447 1403 γὰρ
461 1369 582 1404 ἀμαθίας
597 1369 613 1404 ἦ
627 1369 734 1399 ἀδικίας
747 1369 800 1395 τῶν
817 1370 956 1403 ὲπαρχιω-

173 1415 237 1441 τῶν.
259 1415 301 1446 Ὠς
313 1415 342 1441 δέ
358 1422 428 1446 τινος
445 1415 577 1447 εἰπόντος,
592 1415 622 1441 Ei
644 1414 673 1441 δέ
687 1424 728 1446 τις
740 1413 772 1441 ἐκ
784 1414 886 1441 τούτων
907 1423 956 1441 κα-

173 1461 368 1495 τακρινόμενος
384 1461 490 1494 νομίσει
507 1460 682 1495 βαρύνεσθαι,
701 1460 748 1486 καὶ
762 1460 953 1492 ἐκκαλέσεται,

175 1506 214 1536 είς
245 1506 319 1532 οὐδὲν
352 1505 425 1540 αὑτῷ
459 1506 494 1532 τὰ
522 1505 571 1539 τῆς
605 1505 738 1539 ὲκκλήτου
771 1504 954 1535 συντελῶσιν,

1003 263 1305 297 provincia,avaritiam
1321 265 1361 292 vel
1373 267 1457 292 etiam
1472 265 1654 298 arrogantiam
1667 261 1785 296 episcOpi

1002 309 1101 343 arguit,
1118 315 1145 336 et
1166 310 1227 337 ideo
1241 311 1408 345 puniendum
1423 314 1466 338 est
1483 319 1491 338 :
1509 318 1523 337 a
1540 309 1677 344 provincia
1693 313 1783 334 autem

1003 355 1030 381 in
1053 355 1218 389 provinciam
1245 357 1362 383 transire
1382 355 1550 391 impunhttm'
1572 354 1695 381 relictum
1723 357 1786 384 est;

1003 404 1096 435 utpote
1113 401 1183 435 quod
1199 400 1266 428 nihil
1283 401 1344 428 mali
1358 409 1390 428 ex
1407 409 1440 428 eo
1454 401 1568 432 oriatur,
1590 408 1622 427 eo
1637 400 1707 428 quod
1721 406 1787 432 pro-

1002 446 1098 474 vinciae
1112 447 1167 474 siut
1180 447 1258 482 longe
1272 455 1287 474 a
1304 455 1334 475 se
1350 448 1463 475 invicem
1480 448 1631 482 disjnnctue,
1648 451 1697 474 nec
1720 446 1786 479 epi-

1002 493 1103 527 scopis,
1116 494 1161 527 qui
1177 497 1239 520 sunt
1256 493 1282 519 in
1294 493 1346 524 eis,
1368 493 1469 520 aditum
1499 494 1649 526 pra-beant,
1673 497 1701 519 ut
1721 499 1786 526 pos-

1003 539 1058 567 sint
1072 543 1249 573 utrarumque
1268 538 1450 566 Ecclesiarum
1478 540 1581 566 reditus
1611 544 1787 572 cognoscere,

1002 589 1030 612 et
1045 584 1243 611 multiludinetn
1259 584 1375 618 populi,
1395 583 1441 619 qui
1465 584 1493 611 in
1515 585 1555 612 eis
1570 589 1620 611 est.
1640 584 1701 611 Haec
1727 591 1781 609 non

1003 629 1149 657 admittens
1168 630 1299 665 synodus,
1322 638 1370 658 eos
1390 638 1496 666 quoque
1520 631 1645 658 similiter
1672 629 1786 663 punien-

1003 674 1051 702 dos
1071 682 1131 703 csse
1148 675 1278 703 decrevit.
1296 676 1361 703 Cum
1377 681 1466 702 autem
1487 676 1563 702 audis
1581 682 1713 702 canonem
1743 681 1786 700 ue-

1005 721 1141 749 linientem
1167 723 1256 755 puniri
1273 722 1426 757 episcopos,
1445 722 1490 757 qui
1506 730 1558 749 non
1576 721 1663 747 vocati
1689 721 1721 747 ab
1736 727 1787 746 una

1002 768 1139 802 provincia
1155 768 1180 795 in
1196 767 1274 795 aliam
1297 772 1437 795 transeunt
1453 768 1594 795 habentem
1611 767 1765 802 episcopum
1779 774 1787 798 ;

1005 822 1037 842 ne
1053 814 1127 842 dicas
1141 822 1188 842 eos
1202 815 1311 849 impune
1325 815 1426 842 laturos
1436 835 1444 847 ,
1457 815 1502 849 qui
1518 815 1544 840 in
1561 814 1707 847 provinciis
1732 821 1783 839 non

1007 852 1166 888 habentibus
1198 861 1338 895 episcopos
1366 868 1441 888 sacra
1464 865 1604 895 peragunt.
1629 859 1695 886 Nam
1721 864 1748 886 et
1771 858 1788 885 ii

1006 906 1128 934 similiter
1141 912 1155 933 a
1170 908 1318 934 canonibus
1334 907 1515 942 corriguntur.
1535 906 1661 932 Additum
1679 908 1721 932 est
1739 911 1788 930 au-

1006 958 1058 980 tem
1073 953 1146 984 illud,
1160 949 1188 980 In
1204 960 1256 988 qua
1271 957 1336 980 sunt
1350 952 1479 986 episcopi.
1501 957 1610 986 propter
1633 951 1787 984 episcopos,

1006 999 1050 1033 qui
1066 999 1189 1034 regiones
1204 1001 1300 1027 habent
1321 999 1346 1026 in
1363 999 1466 1026 duabus
1479 998 1519 1025 vel
1537 998 1623 1025 tribtts
1636 1003 1707 1031 saepe
1725 1003 1789 1030 pro-

1005 1046 1111 1074 vinciis.
1127 1043 1259 1073 Praeterea
1275 1045 1413 1080 subjunxit
1432 1052 1517 1072 canon
1537 1044 1608 1071 aliud
1623 1050 1730 1079 quoque
1745 1050 1788 1069 ca-

1006 1093 1063 1123 put,
1078 1094 1104 1117 et
1119 1090 1194 1117 dixit:
1215 1090 1242 1117 Si
1261 1095 1349 1117 autent
1363 1090 1505 1124 episcopus
1521 1090 1600 1117 habet
1615 1088 1726 1122 aliquod
1741 1096 1788 1114 no-

1007 1135 1120 1169 gotium,
1137 1144 1185 1164 seu
1200 1144 1309 1164 causam
1325 1136 1453 1172 aliquam,
1472 1144 1532 1163 cum
1553 1143 1602 1163 suo
1618 1135 1788 1169 coepiscopo.

1006 1183 1067 1217 quis
1096 1183 1176 1211 debet
1200 1191 1310 1212 causam
1332 1185 1471 1220 judicare?
1495 1184 1594 1212 Statuit
1618 1191 1681 1218 ergo
1703 1190 1750 1210 eos
1773 1191 1789 1209 a

1006 1231 1216 1265 provmcialibus
1253 1231 1385 1267 episcopis
1412 1231 1586 1265 iudicandos.
1620 1239 1668 1259 nec
1706 1231 1788 1258 ullum

1005 1284 1111 1311 eorum,
1126 1278 1171 1312 qui
1191 1277 1293 1311 judicio
1315 1279 1491 1311 contendunt,
1516 1287 1548 1306 ex
1573 1279 1624 1305 alia
1653 1276 1788 1312 provincia

1006 1330 1144 1351 accersere
1157 1324 1322 1357 cognitorem
1340 1325 1493 1359 episcopum
1508 1333 1515 1352 :
1528 1324 1705 1360 pr0viuciales
1719 1322 1789 1351 cnim

1008 1370 1166 1403 ignorantia:
1180 1370 1220 1397 vel
1237 1370 1377 1405 iniustitiae
1391 1378 1423 1398 eo
1438 1371 1497 1406 ipso
1518 1372 1690 1399 condemnat.
1717 1370 1790 1397 Tan-

1006 1421 1086 1449 quam
1103 1419 1191 1442 autem
1208 1415 1320 1443 dixisset
1332 1415 1475 1450 quispiam,
1491 1416 1519 1444 Si
1536 1416 1597 1450 quis
1616 1423 1707 1443 eorum
1723 1423 1790 1442 cou-

1007 1455 1149 1488 demnatns
1170 1468 1200 1488 se
1223 1461 1330 1495 gravari
1357 1461 1502 1494 existimet,
1533 1466 1560 1489 et
1582 1462 1707 1498 appellet,
1732 1461 1791 1494 ejus

1007 1506 1151 1539 appellatio
1167 1506 1200 1533 ad
1217 1506 1284 1533 nihil
1299 1506 1407 1539 redibit,
1422 1506 1505 1542 486
1526 1514 1587 1534 cum
1611 1514 1663 1534 non
1685 1506 1790 1541 possint

174 1551 212 1583 ὠς
239 1552 276 1587 μὴ
293 1551 450 1586 δυναμένων
468 1550 570 1586 ἐτέρων
595 1550 755 1578 ἐπισκόπων
776 1551 955 1585 ὲπαρχιωτῶν

1010 1551 1054 1578 alii
1071 1551 1249 1586 provinciales
1273 1553 1392 1587 episcopi
1418 1553 1598 1588 cognitionem
1621 1561 1745 1583 evocare.
1761 1559 1790 1579 ut

174 1597 367 1624 ἀνακαλεῖσθαι
381 1597 526 1631 διάγνωσιν
541 1597 611 1623 κατὰ
632 1597 682 1632 τὴν
708 1596 838 1632 ῥηθεῖσαν
852 1596 957 1623 διὰστιδ

175 1644 227 1677 ξιν·
246 1644 394 1679 προσέθετο
409 1643 447 1679 μὴ
465 1641 536 1670 εἶναι
557 1643 748 1678 ἀπαράόεκτον
761 1642 807 1670 τὸν
823 1643 956 1670 ἐκκαλού-

176 1697 257 1725 μενον
284 1690 353 1717 κατὰ
381 1690 431 1725 τῆς
457 1690 575 1724 κρίσεως
601 1690 654 1716 τῶν
684 1689 875 1725 ἐπαρχιωτῶν,
898 1689 956 1716 ἀλλ’

175 1736 292 1770 ὀφείλειν
307 1737 369 1768 τοὺς
385 1737 557 1772 ἐπαρχιώτας
573 1736 618 1763 ἂὰ
639 1737 723 1771 τιμὴν
746 1735 793 1763 τοῦ
810 1736 958 1763 ἀποστολι-

174 1782 224 1809 κοῦ
247 1780 348 1817 θρόνου
383 1783 500 1817 γράφειν
526 1782 561 1810 τὰ
591 1783 760 1817 συναχθέντα
785 1782 825 1818 τῷ
853 1783 956 1819 πάππα.

181 1829 289 1864 Ῥώμης
305 1827 349 1865 (ἦν
360 1829 388 1856 δὲ
407 1830 468 1856 τότε
486 1829 594 1860 Ἰούλιός
608 1837 649 1860 τις
665 1829 815 1860 ἐπίσκοπος
828 1829 956 1863 ταύτης),

175 1875 222 1901 καὶ
239 1875 312 1909 παρὰ
335 1876 367 1909 τῇ
391 1874 503 1910 ἐξουσϊᾳ
527 1875 633 1902 ἐκείνου
654 1874 824 1910 ἀνηρτῆσθαι
849 1874 885 1902 τὰ
908 1875 957 1909 τῆς

176 1922 307 1956 ὲκκλήτου
323 1929 330 1937 ·
347 1921 389 1956 ἐφ’
413 1918 483 1955 ᾧ,εἰ
505 1921 556 1956 μὲν
577 1921 701 1955 διαγνοίη
726 1921 803 1954 ἄξιον
828 1920 900 1949 εἶναι
926 1921 958 1948 τὸ

175 1958 292 2003 πρᾶγμα
314 1964 444 2002 δευτέρας
462 1966 676 2000 κατεξετάσεως,
691 1968 782 2003 ὁρίσαι
798 1967 877 2002 παρὰ
900 1967 957 1994 τῶν

175 2014 384 2049 γειτνιαζόντων
400 2014 560 2041 ἐπισκόπων
575 2013 765 2049 ἀνανεωθῆναι
779 2014 809 2041 τὸ
829 2014 959 2049 δικαστή-

177 2070 244 2096 ριον,
260 2062 305 2088 καὶ
319 2060 489 2096 σκοπηθῆναι
505 2061 552 2095 τὴν
577 2060 782 2095 προγενομένην
796 2060 935 2095 ἀπόφασιν
948 2069 955 2076 ·

176 2108 200 2132 εί
215 2106 243 2133 δὲ
258 2105 397 2140 καταλάϐῃ
414 2105 506 2137 καλῶς
529 2106 578 2140 τὴν
602 2101 732 2132 ὑπόθεσιν
755 2106 894 2141 κριθῆναι,
911 2106 959 2133 καὶ

178 2153 214 2189 μὴ
230 2153 334 2179 δεῖσθαι
344 2152 446 2185 ταύτην
461 2152 589 2188 δευτέρας
604 2152 790 2187 συςηῖήσεως,
805 2153 896 2189 ὁρίσαι
912 2153 960 2188 μέ-

175 2207 231 2226 νειν
258 2200 291 2226 τὰ
315 2199 387 2231 ἅπαξ
414 2198 620 2234 προκεκριμένα
647 2198 816 2226 ἀναλλοίωτα
853 2208 883 2226 τε
911 2200 958 2227 καὶ

178 2245 283 2279 βέὃαια.
298 2244 353 2271 Καὶ
370 2244 404 2270 τὰ
429 2243 478 2279 μὲν
492 2243 539 2270 τοῦ
555 2243 668 2274 κανόνος
684 2243 714 2269 ὲν
734 2242 851 2275 τούτοις.
869 2243 956 2280 Ἐρω-

176 2292 253 2326 τήσει
274 2291 303 2316 δέ
327 2299 380 2323 τις,
398 2290 436 2321 ὡς
448 2290 495 2317 τοῦ
519 2292 550 2316 ιε’
571 2289 683 2320 κανόνος
697 2289 749 2325 τῆς
763 2290 791 2315 ὲν
806 2289 959 2326 ’Δντιοχείᾳ

175 2337 287 2363 συνόδου
313 2334 501 2370 διοριζομένου
530 2335 565 2362 τὰ
587 2336 739 2370 κεκριμένα
769 2334 823 2361 ὑπὸ
848 2335 959 2362 πάντων

178 2383 229 2409 τῶν
245 2381 424 2417 ὲπιρχιωτῶν
439 2381 598 2408 ἐπισκόπων
614 2381 904 2417 όμογνωμονησάντων
921 2382 958 2416 μὴ

173 2427 370 2464 τάνακρίνεσθαι
387 2427 452 2462 παρ’
465 2427 566 2461 ἐτέρων
578 2427 670 2459 τινῶν,
687 2427 735 2453 καὶ
749 2427 796 2453 τοῦ
821 2427 958 2462 παρόντος

178 2475 288 2505 κανόνος
300 2474 425 2508 ἐκκλήτῳ
442 2472 602 2500 ὑποκεῖσθαι
617 2473 668 2509 τὴν
678 2472 809 2508 τοιαύτην
822 2473 959 2508 ἀπόφασιν

178 2521 373 2556 διοριζομένου,
404 2519 457 2546 τίνι
472 2557 475 2560 γ
491 2518 634 2554 προσέχειν
669 2518 833 2554 ’ὀφείλομενς
850 2519 958 2551 Λύσις.

178 2565 256 2596 Τινὲς
269 2565 317 2599 μὲν
329 2563 405 2591 εἷπον
421 2563 459 2599 μὴ
472 2563 650 2598 δμοφωνῆσαι
665 2563 783 2590 ἐνταῦθα
795 2564 859 2595 τοὺς
876 2564 962 2598 ἐπαρ-

180 2612 278 2646 χιώτας
292 2611 468 2642 ἐπισκόπους,
482 2609 549 2635 ἀλλὰ
566 2609 739 2643 ’διαιρεθῆναι
755 2610 796 2641 εἰς
813 2609 958 2644 διαφόρους

180 2659 302 2693 γνώμας,
319 2658 375 2684 καὶ.
389 2657 432 2683 διὰ
453 2656 533 2683 τοῦτο
548 2656 620 2691 ἔχειν
638 2655 730 2691 χώραν
744 2656 778 2683 τα
792 2657 843 2692 τῆς
858 2656 959 2692 ἐκκλή-

180 2711 228 2730 του
238 2711 245 2718 ·
261 2703 336 2730 ἄλλοι
348 2702 376 2728 δὲ
389 2700 466 2728 εἷπον
483 2701 532 2733 ὡς,
548 2701 610 2728 επεὶ
630 2701 861 2737 μεταγενέστερός
886 2702 960 2728 ἐστιν

181 2751 195 2776 6
209 2749 302 2783 παρὼν
324 2747 425 2779 κανὼν,
449 2746 587 2782 ὀφείλουσι
611 2747 646 2774 τὰ
663 2747 750 2782 τούτῳ
777 2747 961 2782 περιεχόμενα

185 2795 285 2831 μᾶλλον
306 2795 426 2829 κρατεῖν.
446 2793 572 2828 Ἀρέσκει
587 2793 634 2820 οὖν
648 2793 728 2819 τοῦτο
749 2793 845 2827 κάμοὶ,
860 2793 898 2824 ὡς
914 2793 963 2819 καὶ

182 2842 299 2877 νομίμου
323 2839 466 2876 ἀκριϐείας
489 2839 630 2874 ἐχόμενον.
652 2839 872 2873 Νενομοθέτηται
894 2838 960 2873 γὰρ,

180 2890 220 2918 hi1
235 2889 319 2920 ἅπαξ,
337 2887 403 2915 ἀλλὰ
418 2886 459 2918 δὶς
475 2885 661 2920 ἐκκαλεῖσθαι,
676 2886 721 2913 τὸν
737 2885 881 2919 νομίζοντα
902 2885 958 2912 ἀδιο

1007 1596 1065 1624 vult
1076 1598 1132 1632 jam
1148 1598 1218 1625 dicta
1234 1598 1391 1626 distinctio:
1408 1599 1505 1634 adjecit
1518 1607 1571 1626 non
1588 1606 1647 1626 esse
1661 1599 1790 1632 repellen—

1008 1644 1081 1675 dum,
1098 1644 1143 1677 qui
1161 1652 1174 1670 a
1189 1645 1392 1678 provincialium
1405 1645 1507 1680 judicio
1521 1651 1665 1680 provocat;
1682 1647 1727 1673 sed
1745 1645 1790 1672 de-

1008 1689 1074 1716 bere
1088 1688 1280 1723 provinciales,
1297 1694 1409 1725 propter
1425 1690 1554 1717 honorem
1571 1690 1644 1718 sedis
1659 1690 1790 1725 apostoli-

993 1739 1057 1764 ,cze.
1072 1741 1131 1770 quae
1148 1738 1220 1768 gesta
1237 1739 1300 1762 sunt
1316 1741 1390 1769 papa
1405 1735 1525 1763 Romano
1551 1735 1704 1763 describere
1721 1736 1791 1766 (erat

1009 1783 1096 1806 autem
1111 1787 1143 1806 eo
1158 1784 1275 1814 tempore
1287 1780 1396 1815 quidam
1411 1780 1499 1808 Julius
1512 1780 1570 1815 ejus
1583 1780 1748 1815 episcopus),
1763 1785 1790 1807 et

1008 1825 1036 1852 in
1053 1825 1112 1858 ejus
1144 1830 1282 1864 potestate
1305 1826 1419 1860 positam
1440 1833 1503 1854 esse
1523 1825 1739 1861 appellationem,
1761 1831 1790 1852 ut

1008 1867 1031 1894 si
1048 1876 1103 1896 rem
1114 1869 1221 1903 quidem
1235 1876 1294 1898 esse
1307 1870 1414 1905 dignam
1431 1875 1586 1906 cognoscat,
1599 1878 1659 1906 qua:
1672 1871 1790 1898 secundo

1010 1913 1189 1947 examinetur,
1206 1919 1309 1943 statuat
1332 1924 1348 1943 a
1371 1917 1535 1952 propinquis
1551 1917 1685 1952 episcopis
1705 1925 1786 1945 reuo-

1009 1959 1065 1985 vari
1076 1958 1218 1994 judicium,
1230 1965 1258 1988 et
1271 1962 1304 1989 de
1317 1962 1485 1996 pracedente
1495 1958 1630 1991 sententia
1642 1963 1767 1998 cognOsci
1780 1970 1788 1989 :

1009 2006 1051 2033 sin
1068 2011 1155 2034 autem
1170 2007 1304 2036 invenerit
1315 2013 1423 2037 causam
1440 2014 1514 2037 recte
1528 2009 1614 2038 fuisse
1628 2010 1787 2045 iudicatam.

1009 2055 1037 2078 et
1049 2053 1169 2080 secunda
1184 2054 1355 2088 inquisitione
1370 2062 1439 2090 opus
1453 2063 1504 2083 non
1519 2056 1628 2087 habere,
1651 2055 1790 2090 decernat,

1009 2105 1041 2125 ea
1057 2105 1117 2133 qua;
1133 2098 1335 2133 priusjudicata
1361 2104 1434 2131 sunt.
1461 2101 1537 2128 lirtna
1563 2104 1590 2135 et
1610 2101 1790 2129 imtnutabilia

998 2144 1178 2178 'permanere.
1195 2145 1231 2173 Et
1250 2145 1276 2172 in
1303 2145 1345 2173 Itis
1362 2145 1470 2180 quidem
1484 2147 1606 2183 consistit
1624 2154 1721 2174 canon.
1747 2147 1791 2174 lu-

1011 2191 1186 2226 terrogaverit
1199 2196 1289 2219 autem
1302 2192 1433 2227 quispiam
1448 2201 1456 2220 :
1473 2192 1540 2219 Cum
1554 2200 1638 2220 canon
1653 2193 1685 2220 15
1699 2193 1791 2220 Antio-

1011 2237 1105 2264 cbenm
1117 2238 1212 2273 synodi
1228 2241 1339 2270 statuat,
1356 2246 1398 2271 ea,
1418 2246 1478 2274 quae
1492 2242 1526 2266 ob
1541 2239 1666 2267 omnibus
1681 2241 1791 2274 provin-

1013 2282 1127 2311 cialibus
1144 2284 1278 2319 episcopis
1293 2284 1650 2318 consentientibusjudicata
1668 2290 1739 2318 sunt,
1759 2286 1791 2312 ab

1011 2328 1147 2364 aliquibus
1164 2330 1224 2358 aliis
1241 2331 1337 2358 iterum
1356 2338 1408 2359 non
1423 2331 1551 2365 indicari,
1567 2339 1688 2366 praesens
1703 2338 1791 2358 autem

1009 2382 1096 2403 canon
1109 2376 1202 2411 jubeat
1217 2377 1296 2404 talem
1313 2376 1474 2403 sententiam
1498 2376 1670 2411 appellationi
1684 2375 1791 2410 subjici,

1011 2422 1138 2456 quidnam
1153 2423 1230 2457 sequi
1243 2421 1390 2451 debemus?
1408 2417 1526 2451 Salutio.
1551 2423 1642 2458 Aliqui
1667 2423 1789 2450 dicebant

991 2472 999 2477 ‘
1010 2469 1130 2503 quidem,
1145 2477 1198 2496 non
1215 2469 1297 2497 iuiSSe
1309 2470 1357 2498 hic
1376 2471 1525 2498 concordes
1541 2469 1717 2504 proVinciulea
1731 2468 1792 2503 epi-

1012 2522 1118 2548 scopos,
1140 2515 1187 2543 sed
1208 2515 1234 2543 in
1250 2516 1339 2544 varias
1368 2517 1516 2544 sententias
1546 2516 1655 2549 divisos,
1679 2519 1706 2541 et
1732 2514 1792 2545 idco

1009 2560 1099 2587 locum
1113 2560 1214 2588 habere
1227 2562 1438 2596 appellationem
1460 2571 1467 2589 :
1485 2562 1528 2589 alii
1547 2567 1635 2589 autem
1656 2561 1792 2591 dicebant.

1012 2607 1083 2640 quod
1101 2608 1165 2641 quia
1188 2613 1306 2642 praesens
1328 2616 1414 2636 canon
1437 2613 1480 2636 est
1506 2609 1650 2639 recentior.
1671 2607 1790 2639 debent,

1011 2659 1072 2687 qute
1094 2652 1121 2679 in
1142 2660 1176 2680 eo
1197 2654 1379 2687 continentur,
1407 2655 1491 2690 magis
1513 2654 1625 2681 servari.
1649 2652 1705 2680 Hoc
1728 2660 1792 2687 ergo

1014 2699 1080 2725 mihi
1097 2706 1203 2734 quoque
1214 2699 1311 2734 placet,
1326 2705 1355 2727 ut
1368 2701 1440 2736 quod
1453 2701 1488 2727 sit
1501 2701 1542 2728 vel
1558 2700 1585 2727 in
1607 2699 1703 2734 primis
1723 2699 1791 2734 legi-

1011 2744 1121 2771 timum.
1139 2744 1210 2780 Lege
1224 2746 1296 2773 enim
1316 2752 1425 2773 cautum
1439 2750 1490 2776 est,
1511 2750 1540 2772 ut
1561 2753 1612 2773 non
1632 2745 1728 2776 semel,
1743 2744 1791 2772 sed

1015 2789 1055 2816 bis
1071 2795 1200 2824 provocet
1219 2792 1252 2824 is,
1274 2792 1320 2826 qui
1341 2792 1393 2820 sibi
1409 2792 1533 2826 injuriam
1550 2791 1608 2819 ﬁeri
1623 2795 1709 2825 putat.
1725 2791 1792 2818 Esse

1014 2840 1102 2862 autem
1117 2835 1143 2862 in
1158 2841 1290 2870 potestate
1307 2844 1381 2871 papae
1394 2858 1402 2870 ,
1419 2843 1447 2864 ut
1460 2842 1582 2864 servetur
1597 2838 1638 2863 vel
1655 2844 1712 2863 non
1730 2843 1791 2864 ser-

1013 2885 1090 2908 vetur
1104 2881 1259 2917 appellatio,
1273 2887 1315 2911 est
1330 2883 1468 2919 proprium
1485 2884 1512 2911 in
1526 2882 1724 2912 ecclesiaﬂtlcis.
1739 2881 1791 2910 Le-
