4052 6400
286 315 417 379 ῙέΪΠ

1451 314 1535 378 ΙΝ
1574 319 1738 380 CAN.
1774 316 1849 379 1V
1886 316 2096 384 CONC.
2140 323 2434 387 SARDIC.

3389 313 3523 377 1438

279 434 501 487 ΑΡίΣΤ.
537 454 555 487 ι
598 436 801 503 Μηδεὶς
842 437 1157 490 ἐπισκόπων
1181 436 1413 506 ἄκλητος
1438 438 1520 501 είς
1548 438 1702 490 πόλιν
1730 437 1851 492 δια-

1970 438 2180 495 ιῐιιδτ.
2254 461 2272 494 ι
2307 439 2495 494 Nullus
2536 439 2939 506 episcoporum,
3002 435 3103 489 nisi
3167 443 3409 495 vocatus,
3465 437 3516 485 in

352 547 369 579 ι
408 527 660 583 ϐαινέτω.
696 531 805 582 Καὶ
825 532 852 582 ό
880 529 1248 599 ἐπαρχιώτης,
1275 534 1322 583 εί
1353 532 1442 582 ἐπί
1473 548 1526 583 τι
1551 531 1846 595 δικάζοιτο,

352 638 369 670 t
410 620 722 691 ἀλλοτρίους
755 624 1089 686 ἐπισκόπους
1121 625 1221 676 οὐκ
1253 625 1660 676 ἐπικαλεσεται.
1700 623 1762 675 Ei
1791 623 1848 675 δὲ

353 733 370 765 ι
409 716 676 785 ἐπικρίνοι
702 716 729 767 ὁ
767 713 1008 784 Ῥώμης,
1042 715 1373 785 παρέσονται
1395 715 1492 767 καὶ.⁴
1510 715 1839 783 ἀλλότριοι.»

363 885 450 938 Ἑν
484 888 762 957 διαφόροις
796 890 1019 941 κανόσιν
1053 891 1270 959 εἴρηται
1310 890 1371 942 τὸ
1408 890 1611 959 μηδένα
1644 891 1851 961 τολμᾷν

279 979 389 1031 ἀπὸ
420 981 517 1049 τῆς
550 978 741 1031 ἑαυτοῦ
779 982 1069 1049 παροικίας
1108 985 1186 1044 εἰς
1212 982 1404 1052 ἑτέραν
1439 982 1707 1052 ἐπαρχίαν
1732 984 1853 1035 ἐπιά

280 1069 507 1124 ϐαίνειν.
543 1071 590 1122 εί
632 1069 705 1139 μὴ
745 1072 892 1137 τοιρά
926 1071 1019 1122 τοῦ
1063 1073 1459 1141 μητροπολίτω
1485 1074 1579 1126 καὶ
1608 1074 1713 1126 τῶν
1753 1075 1850 1126 σὺν

281 1158 427 1225 αὐτῷ
476 1161 791 1213 ἐπισκόπων
825 1162 1019 1231 κληθῇ.
1065 1164 1235 1215 Τοῦτο
1284 1164 1389 1233 γὰρ
1432 1166 1586 1234 καὶὴ
1634 1165 1849 1227 σύνοδος

279 1248 417 1318 αὕτη
467 1251 811 1320 προστάττει.
868 1253 1027 1305 Ἀλλά
1064 1254 1158 1306 καὶ
1198 1256 1249 1306 εί
1277 1272 1361 1316 τις
1395 1257 1502 1307 τῶν
1536 1257 1852 1309 ἐπισκόπων

283 1346 420 1412 μετά
443 1347 734 1397 συνεπισκό
746 1363 840 1397 που
860 1345 986 1413 περί
1008 1362 1038 1397 τ
1063 1363 1151 1407 νος
1178 1347 1498 1416 πράγματος
1522 1349 1851 1417 ἀμφιϐολίαν

279 1436 400 1488 τινὰ
451 1437 624 1506 σχοίη.
679 1438 773 1488 καὶ
825 1439 942 1505 μετ’
993 1438 1157 1489 αὑτοῦ
1205 1440 1287 1501 είς
1331 1439 1431 1508 τὴν
1480 1440 1696 1493 σύνοδον
1753 1440 1855 1508 τῆς

281 1531 549 1598 ἐπαρχὲας
585 1531 747 1582 αὑτοῦ
782 1531 1073 1595 δικάζοιτο,
1110 1532 1210 1586 οὑκ
1236 1532 1437 1600 ὀφείλει
1471 1535 1561 1586 καὶ
1596 1532 1701 1585 ἀπὺ
1734 1534 1852 1587 ἐτέ-

284 1635 381 1686 ρας
407 1620 675 1689 ἐπαρχίας
702 1618 1074 1692 διαγνώμονάς
1099 1641 1247 1685 τινας
1273 1623 1379 1677 τῶν
1404 1625 1714 1678 ἐπισκόπων
1735 1627 1855 1679 em-

283 1710 584 1775 καλεῖσθαι,
617 1713 754 1765 άλλά
791 1716 941 1785 παρὰ
974 1717 1155 1785 μόνοις
1194 1722 1304 1781 τοῖς
1335 1721 1701 1788 ὲπαρχιὼταις
1730 1732 1855 1789 κρι·

284 1801 462 1871 θῆναι.
492 1804 602 1859 Καὶ
644 1809 691 1859 εί
723 1808 1027 1877 ἀπαρέσκει
1070 1812 1216 1880 αὑτῷ
1266 1814 1297 1882 ή
1329 1813 1529 1882 κρίσις,
1560 1812 1651 1864 καὶ
1685 1812 1856 1863 οἴεται

283 1894 636 1966 ἀδικηθῆναι,
688 1902 1070 1964 ἐκκαλεῖσθαι,
1142 1907 1235 1956 καὶ
1274 1904 1352 1973 τῷ
1416 1902 1669 1972 Ῥώμης,
1723 1897 1767 1971 ᾧ
1819 1904 1853 1972 ἡ

282 1983 506 2056 τοιαύτή
531 1989 815 2045 ὑπόκειται
838 1995 1093 2062 ἐπαρχία,
1119 1995 1517 2065 προσέρχεσθαι
1538 2011 1552 2025 ο
1578 1994 1671 2047 καὶ
1695 1994 1855 2057 αὐτὸς

285 2075 316 2147 ἢ
350 2078 415 2130 δι’
441 2077 636 2132 ἑαυτοῦ
667 2082 895 2151 τηρήσει
928 2084 1025 2151 τὴν
1059 2084 1354 2152 ἀπόφασιν,
1384 2084 1416 2153 ἢ
1455 2086 1568 2146 τοῖς
1602 2082 1856 2159 γειτνιῶ-

287 2187 371 2223 σιν
395 2173 710 2237 ἐπισκόποις
743 2179 804 2245 τῇ
830 2177 1067 2247 ἐπαρχία
1089 2178 1150 2230 τὸ
1178 2177 1278 2248 τῆς
1310 2179 1571 2249 ἐκκλήτου
1599 2178 1857 2249 δικαστή-

290 2280 403 2333 ριον
431 2265 664 2337 ὰναθήσε
674 2287 706 2323 ι.

904 2367 1144 2419 ΚᾹΝΩΝ
1183 2365 1257 2420 Δ’.

294 2472 320 2506 ο
360 2456 485 2510 Ἐάν
539 2475 622 2518 τις
677 2458 971 2523 ἐπίσκοπος
1026 2458 1324 2529 καθαιρεοῇ
1387 2462 1452 2531 τῇ
1514 2461 1693 2531 κρίσει
1751 2460 1860 2516 τῶν

342 2567 385 2621 ¹‹
426 2550 738 2603 ἐπισκόπων
787 2552 896 2604 τῶν
957 2554 1015 2604 ἐν
1066 2556 1274 2622 γειτνίᾳ
1320 2556 1716 2624 τυγχανόντων,
1763 2552 1862 2605 καὶ

367 2657 385 2689 ι
424 2641 607 2712 φάσκῃ
642 2643 803 2696 πάλιν
835 2644 1011 2716 ἐαυτῷ
1044 2648 1341 2713 ἀπολογίας
1372 2650 1601 2718 πρᾶγμα
1638 2644 1861 2700 ἐπιϐάλ-

366 2752 385 2785 ‹
421 2735 567 2798 λειν,
585 2736 659 2805 μὴ
685 2739 946 2808 πρότερον
968 2742 1046 2804 είς
1065 2740 1162 2804 τὴν
1195 2741 1464 2810 καθέδραν
1486 2740 1649 2796 αὑτοῦ
1675 2740 1864 2807 ἕτερον

367 2848 385 2879 ι
425 2828 886 2901 ὑποκαταστῆναι,
918 2833 1013 2886 ἐὰν
1041 2833 1116 2903 μὴ
1142 2834 1170 2886 ό
1200 2836 1298 2901 τῆς
1330 2833 1548 2903 Ῥώμης
1568 2830 1864 2893 ἐπίσκοπος

367 2939 386 2972 ι
424 2922 678 2990 ἐπιγνοὺς
714 2925 843 2993 περὶ
877 2925 1069 2978 τούτου
1100 2925 1223 2993 ὅρον
1261 2923 1571 2994 ἐξενέγκῃ.»

362 3013 560 3067 ΒΑΛΣ.
598 3014 855 3075 Εἰπόντες
882 3017 929 3066 oi
967 3015 1211 3084 Πατέρες
1236 3015 1335 3082 τὴν
1360 3014 1467 3067 τῶν
1507 3012 1864 3083 ἐπαρχιωτῶν

2037 552 2055 585 t
2091 532 2253 587 aliam
2284 533 2472 586 urbem
2516 538 2777 584 transeat.
2810 527 3124 593 Quinetiam
3168 525 3522 594 provincialis

2023 645 2042 677 ι
2068 627 2374 694 episcopus,
2407 625 2448 679 si
2479 624 2624 676 litem
2662 622 2895 689 aliquam
2955 619 3171 681 habeat,
3210 618 3274 670 ad
3311 616 3516 669 alienus

2027 718 2358 785 «episcopos
2404 730 2507 767 non
2548 712 2880 781 provocabit.
2926 711 2981 763 Si
3031 718 3213 761 autem
3272 709 3520 761 Romano

2041 831 2060 862 ι
2089 811 2168 866 sic
2201 810 2348 863 visus
2382 807 2568 870 fuerit,
2599 806 2761 860 etiam
2793 802 2949 855 alieni
2975 801 3258 854 aderunt.»

2038 907 2093 959 In
2115 903 2277 957 variis
2302 901 2602 955 canonibus
2652 898 2877 956 dicitur,
2922 895 3188 948 nemiuem
3246 891 3447 945 audere
3490 903 3521 940 e

1952 1013 2046 1051 sua
2072 997 2304 1065 paruecia
2336 993 2386 1047 in
2420 992 2579 1044 aliam
2611 990 2843 1057 migrare
2899 984 3233 1053 provinciam
3256 1023 3271 1043 ,
3300 980 3431 1033 ‘uisi
3486 993 3516 1029 ιι

1955 1088 2365 1156 metropolitano
2388 1094 2442 1137 et
2469 1082 2736 1158 episcopis
2758 1080 2849 1148 qui
2884 1094 3004 1133 cum
3058 1094 3122 1130 eo
3153 1084 3301 1133 sunt.
3359 1088 3523 1126 voce-

1955 1192 2060 1235 tur.
2091 1181 2363 1235 llucenitu
2411 1190 2466 1229 et
2520 1175 2635 1228 haec
2694 1170 2932 1241 synodus
2959 1166 3222 1238 przecipit.
3266 1161 3371 1217 Sed
3401 1159 3524 1214 etsi

1954 1275 2077 1344 quis
2108 1275 2392 1342 episcOpus
2413 1285 2537 1325 cum
2562 1266 2895 1344 coepiscopo
2935 1262 2989 1315 in
3020 1261 3201 1328 aliqua
3241 1271 3297 1310 re
3322 1254 3519 1308 habue-

1958 1371 2025 1420 rit
2050 1363 2505 1427 controversiam,
2542 1370 2597 1415 et
2625 1342 2765 1413 cum,
2797 1371 2862 1411 eo
2902 1357 2953 1408 in
2998 1351 3205 1422 synodo
3248 1348 3364 1415 ejus
3397 1360 3525 1414 pro-

1957 1457 2174 1512 vinciali
2203 1456 2354 1510 litem
2391 1461 2590 1515 movet,
2635 1465 2742 1505 non
2797 1449 2953 1503 debet
2991 1461 3059 1500 ex
3084 1444 3186 1496 alia
3245 1440 3522 1509 provincia

1958 1550 2345 1620 dij'ttdicatores
2374 1547 2582 1614 aliquos
2607 1543 2890 1613 episcopos
2931 1540 3241 1599 advocare;
3280 1532 3375 1588 sed
3406 1538 3526 1583 tan-

1961 1644 2236 1697 tummodo
2269 1634 2960 1709 proviucialiumjudicium
2991 1630 3193 1685 subire.
3219 1625 3285 1679 Et
3316 1626 3359 1679 si
3384 1622 3523 1690 judi'

1959 1738 2102 1792 cium
2142 1734 2238 1803 ipsi
2280 1747 2386 1786 non
2420 1730 2687 1791 arriserit,
2709 1740 2875 1794 seque
2901 1722 3098 1799 injuria
3128 1718 3380 1773 affectum
3430 1730 3529 1783 pu-

1963 1826 2177 1890 taverit,
2216 1822 2509 1891 appellare,
2543 1829 2595 1874 et
2634 1819 2934 1872 Romanum
2971 1812 3054 1866 cui
3118 1809 3243 1863 talis
3303 1804 3529 1873 subjici-

1963 1930 2047 1971 tur
2073 1916 2356 1987 provincia
2380 1913 2547 1975 adire,
2580 1908 2744 1965 etille
2775 1906 2862 1961 vel
2897 1919 2994 1974 per
3036 1901 3272 1970 seipsum
3305 1906 3528 1952 senten-

1964 1986 2089 2059 tiant
2121 2003 2475 2061 examinabit.
2508 1998 2589 2054 vel
2645 1997 2919 2066 episcopis
2974 1992 3169 2047 vicinis
3229 1986 3526 2059 provinciae

1960 2094 2281 2167 appellantis
2308 2093 2571 2163 judicium
2611 2091 2940 2145 committet.

2553 2349 2785 2407 CANON
2841 2348 2931 2406 ιν.

1965 2472 1987 2506 ι
2015 2451 2071 2507 Si
2106 2451 2228 2519 quis
2263 2449 2548 2518 episcOpus
2572 2446 2781 2515 judicio
2812 2443 3219 2514 episcoporum,
3257 2438 3346 2506 qui
3407 2441 3532 2489 sunt

2049 2564 2068 2597 ι
2097 2546 2151 2598 iu
2176 2542 2395 2607 vicinia,
2429 2540 2711 2611 depositus
2746 2537 2932 2599 fuerit,
2972 2543 3028 2588 et
3050 2533 3193 2587 dicat
3226 2542 3413 2584 rursus
3432 2524 3533 2579 sibi

2051 2658 2069 2691 ι
2110 2635 2480 2706 responsionis
2528 2632 2797 2701 negetiutn
2854 2637 3191 2696 competere:
3245 2637 3347 2676 non
3382 2618 3536 2688 prius

2046 2751 2065 2785 ι
2098 2731 2151 2786 in
2178 2728 2494 2785 cathedram
2551 2726 2667 2794 ejus
2721 2721 2858 2776 alius
2903 2720 3267 2775 substituatur
3298 2755 3312 2779 ,
3374 2726 3535 2783 quam

2051 2845 2072 2879 ι
2111 2823 2392 2879 Romanus
2424 2821 2711 2890 episcopus
2746 2817 2910 2871 causa
2941 2812 3157 2883 cognita
3202 2805 3535 2863 sententiam

2048 2934 2068 2966 ι
2100 2914 2305 2970 tulerit.
2336 2932 2354 2965 ι

2052 3007 2246 3062 BALS.
2275 3005 2410 3060 Cum
2436 3000 2905 3058 dixissentPatres
2956 2992 3366 3066 provincialium
3414 3004 3537 3044 seu—

294 3103 566 3171 ἀπόφασιν
586 3104 834 3173 ἐκκλήτῳ
852 3104 1191 3167 ὑποκεῖσθαι,
1215 3103 1307 3156 καὶ
1331 3103 1482 3174 παρὰ
1503 3102 1611 3157 τῶν
1628 3118 1864 3170 γειτνια-

1970 3103 2193 3161 tentiam
2225 3098 2569 3171 appellationi
2622 3093 2839 3162 subjici,
2896 3102 2950 3147 et
2996 3106 3023 3143 a
3059 3087 3378 3160 propinquis
3430 3084 3536 3151 epi-

2105 3197 2116 3201 -
2177 3195 2189 3201 -
2706 3187 2717 3200 .
2831 3187 2842 3198 .
3405 3177 3532 3201 ___:_,

294 3197 494 3259 ζόντων
533 3196 849 3248 ἐπισκόπων
887 3192 1007 3249 κατ’
1045 3195 1347 3267 ἐπιτροπὴν
1388 3193 1481 3249 τοῦ
1526 3196 1727 3250 πάππα
1765 3212 1864 3267 τη-

294 3287 531 3357 ρεῖσθαι,
554 3287 679 3356 ἀρτι
707 3287 839 3355 φασὶ
869 3286 920 3340 τί
947 3286 1149 3354 ὀφείλει
1180 3287 1457 3354 γενέσθαι,
1485 3287 1580 3341 ἐὰν
1604 3287 1698 3341 καὶ
1718 3285 1870 3355 παρὰ

295 3377 500 3429 τούτων
536 3378 564 3428 ό
591 3376 962 3445 ἐκκλητεύσας
995 3377 1390 3446 καταδικασθῇ,
1424 3376 1519 3430 καὶ
1556 3375 1709 3430 πάλιν
1735 3376 1871 3449 λέγῃ

298 3468 645 3539 βαρύνεσθαι.
697 3468 1031 3541 Διορίζονται
1061 3466 1157 3524 οὗν
1188 3470 1370 3541 μένειν
1423 3470 1482 3522 ἐν
1520 3470 1762 3540 ἁκεραίῳ
1799 3470 1871 3522 τά

297 3560 619 3630 πράγματα,
653 3562 745 3614 καὶ
775 3562 849 3630 μὴ
883 3562 1068 3632 ἓτερον
1100 3561 1435 3631 ψηφίζεσθαι
1469 3563 1765 3615 ἐπίσκοπον
1792 3562 1873 3625 είς

296 3653 397 3722 τὴν
427 3652 518 3706 τοῦ
551 3653 974 3723 κατακριθέντος
1004 3654 1321 3723 ἐκκλησίαν,
1356 3655 1407 3706 εί
1449 3653 1523 3723 μὴ
1559 3653 1654 3707 καὶ
1685 3655 1717 3723 ἡ
1749 3652 1869 3705 δευ-

297 3747 431 3814 τέρα
465 3746 727 3815 ἓκκλητος
763 3746 915 3815 παρά
939 3746 1033 3798 τοῦ
1063 3746 1265 3800 πάππα
1290 3746 1524 3816 τηρηθῇ.
1558 3746 1721 3798 Ὥστε
1772 3762 1872 3814 ση-

260 3840 269 3847 ’
303 3839 532 3908 μείωσαι
570 3839 696 3908 περὶ⁹
730 3835 835 3889 τῶν
878 3836 1389 3907 καταδικαζομένων
1427 3837 1740 3889 ἐπισκόπων
1778 3835 1874 3889 κα).

304 3932 442 4001 μετὰ
469 3931 568 4002 τὴν
594 3929 913 3997 καθαίρεσιν
939 3927 1244 3998 ζητούντων
1274 3930 1471 4000 ἑτέραν
1500 3928 1679 3998 κρίσιν
1706 3927 1870 3980 ὅτιού

299 4026 687 4094 χειροτονεῖται
724 4023 934 4093 ἔτερος,
979 4023 1026 4075 εί
1072 4023 1147 4093 μὴ
1177 4020 1386 4093 τηρηθῇ
1414 4022 1453 4092 ὴ,
1480 4019 1742 4090 ἔκκλητος
1778 4017 1872 4071 τοῦ

301 4116 789 4178 καταδικασθέντος
811 4155 826 4180 ,
858 4116 919 4169 οὑ
965 4115 1121 4184 μόνον
1154 4116 1187 4184 ἡ
1217 4113 1408 4186 πρώτη
1429 4154 1444 4177 ,
1470 4113 1605 4169 ἀλλά
1631 4112 1726 4165 καὶ
1754 4109 1877 4164 δευ-

299 4211 473 4279 τέραο
508 4208 587 4271 δἰς
617 4208 726 4278 γὰρ
771 4208 1121 4261 ἐκκαλεῖσθαι
1153 4206 1530 4277 ἐκκεχώρηται
1554 4222 1575 4243 ἠ
1609 4206 1691 4259 ὅτι
1734 4206 1767 4273 όν
1814 4210 1874 4257 ιε’

302 4303 483 4357 κανὼν
516 4303 615 4373 τῆς
655 4303 711 4354 ἐν
757 4301 1057 4371 Ἀντιοχείᾳ
1092 4298 1312 4353 συνόδου
1342 4298 1638 4369 ὲσχόλασε,
1670 4297 1762 4352 καὶ
1792 4297 1875 4351 ὅτι

302 4395 481 4457 οὐδεὶς
522 4390 1028 4461 καταδικαζόμενος,
1073 4391 1170 4445 καί⁷
1198 4389 1374 4458 λέγων
1405 4388 1753 4460 βαρύνεσθαι,
1784 4389 1877 4441 ὲκ-

1970 3195 2326 3266 scopisjussu
2352 3206 2509 3263 papae
2540 3187 2875 3251 examinari;
2935 3199 3079 3237 nunc
3133 3181 3345 3244 dicunt,
3401 3177 3534 3247 quid

1972 3290 2086 3345 ﬁeri
2119 3287 2335 3351 debeat,
2364 3286 2408 3340 si
2445 3283 2514 3338 ab
2547 3282 2614 3337 iis
2641 3283 2805 3338 etiam
2831 3279 2898 3345 is,
2935 3278 3027 3348 qui
3061 3274 3375 3346 appellavit,
3404 3286 3531 3325 con-

1971 3382 2259 3437 demnatus
2308 3377 2495 3444 fuerit,
2522 3384 2653 3431 etse
2688 3387 2877 3428 rursus
2920 3368 3134 3441 gravari
3199 3366 3364 3421 dicat.
3416 3362 3541 3417 Sta-

1975 3486 2131 3531 tuunt
2158 3489 2310 3543 ergo,
2346 3481 2405 3527 ut
2436 3485 2524 3526 res
2552 3469 2603 3523 in
2647 3468 2863 3537 integro
2900 3473 3177 3521 maneant,
3202 3468 3255 3513 et
3309 3459 3361 3512 in
3394 3457 3540 3525 ejus.

1972 3570 2063 3641 qui
2095 3567 2488 3624 condemnatus
2517 3571 2623 3625 est,
2660 3559 2951 3615 ecclesiam
2974 3552 3123 3610 alius
3152 3568 3256 3606 non
3287 3550 3542 3631 eligatur,

1973 3640 2075 3718 nisi
2099 3660 2335 3716 secunda
2390 3654 2679 3726 appellatio
2733 3666 2945 3721 apapa»
2983 3646 3295 3703 examinata
3358 3640 3542 3694 fuerit.

1970 3752 2152 3820 Quare
2204 3759 2330 3805 nota
2359 3749 2424 3804 de
2454 3746 2723 3815 episcopis
2755 3739 3132 3798 condemnatis
3184 3745 3238 3790 et
3270 3741 3395 3804 post
3444 3730 3542 3785 ἀει·

1972 3843 2303 3914 positionem
2330 3841 2479 3895 aliud
2509 3836 2880 3908 quaarentibus
2900 3832 3196 3901 judicium‘;
3236 3826 3377 3894 quod
3405 3822 3543 3878 alius

1975 3952 2086 3992 non
2116 3933 2426 3997 ordinatur,
2452 3930 2555 3984 nisi
2588 3923 2937 3983 condemnati
2978 3920 3274 3994 appellatio
3320 3914 3544 3971 'exami-
3644 3983 3663 3992 _

1974 4039 2154 4092 netur,
2182 4042 2288 4081 non
2314 4026 2486 4096 prima
2520 4029 2752 4085 tantum,
2783 4019 2874 4075 sed
2903 4028 2958 4073 et
2978 4015 3212 4071 secunda
3242 4030 3256 4077 ;
3293 4008 3377 4063 bis
3398 4007 3545 4061 enim

1975 4118 2248 4189 appellare
2280 4116 2640 4180 conceditur;
2668 4110 2810 4181 quod
2842 4110 3065 4181 quittttts
3101 4105 3344 4159 decimus
3370 4112 3542 4151 canon

1973 4209 2324 4266 Antiochensi
2374 4207 2569 4279 synodi
2625 4203 2890 4267 exolevit;
2925 4195 3163 4269 etquod
3216 4194 3395 4248 nullus
3451 4191 3544 4255 qui

1975 4305 2394 4367 condemnatur,
2428 4308 2481 4354 et
2510 4297 2642 4353 dicit
2686 4310 2745 4351 se
2780 4292 2992 4365 gravari
3028 4289 3350 4359 ejectionetu
3384 4281 3548 4337 susti-

1979 4406 2087 4461 net,
2120 4396 2290 4450 donec
2313 4393 2379 4448 de
2399 4391 2761 4462 appellatione
2790 4385 3062 4456 cognitum
3098 4380 3261 4435 fuerit
3283 4419 3297 4441 ,
3328 4375 3548 4445 etquod

305 4487 570 4554 διδασμὸν
598 4485 909 4554 ὑφίσταται,
949 4484 1137 4555 μέχρις
1163 4483 1228 4536 ἂν
1256 4482 1352 4535 κα)⁴
1381 4480 1446 4534 τὰ
1480 4480 1578 4548 τῆς
1607 4478 1867 4548 ὲκκλήτου

1980 4488 2370 4545 condemnatus
2400 4485 2486 4539 bis
2518 4480 2793 4554 appellare
2814 4488 3012 4548 potest.
3052 4474 3185 4530 Vide
3244 4473 3312 4526 74
3374 4483 3546 4523 cano-

303 4578 615 4649 τηρηθῶσι·
650 4576 742 4630 καὶ
771 4578 851 4629 ὅτι
877 4576 959 4639 δὶς
997 4572 1346 4628 ἐκκαλεῖσθαι
1374 4572 1596 4625 δύναται
1638 4573 1667 4624 ό
1708 4586 1881 4625 κατα-

306 4671 646 4743 κρινόμενος.
697 4667 994 4735 Ἀνάγνωθι
1028 4666 1118 4721 τὸν
1151 4666 1220 4720 οδ¹
1248 4660 1607 4718 ἀποστολικὸν
1634 4661 1836 4716 κανόνα
1861 4699 1878 4723 ,

307 4768 404 4833 τῆς
438 4765 495 4816 ἐν
520 4761 823 4832 Χαλκηδόνι
848 4757 913 4821 θ’,
948 4759 1037 4811 καὶ
1065 4758 1166 4827 τῆς
1191 4759 1249 4811 ὲν
1283 4754 1612 4827 Καρθαγένῃ
1653 4750 1735 4818 ιε’-,
1768 4750 1876 4821 κη’,

311 4860 394 4929 ρκ’
418 4859 510 4911 καὶ
535 4863 673 4927 ρκα’,
697 4859 790 4909 καὶ
812 4855 1150 4924 συμὸίϐασαι
1177 4854 1384 4915 πάντας
1408 4849 1542 4920 πρὸς
1560 4852 1626 4905 τὰ
1648 4848 1880 4903 ἐνταῦθα

308 4952 692 5021 γεγραμμένα.
715 4950 838 5003 Ὂτι
862 4948 956 5000 καὶ
976 4950 1087 5011 τοῖς
1104 4946 1290 5017 νόμοις
1313 4947 1459 5007 δοκεῖ
1479 4948 1660 4999 πᾶσαν
1683 4943 1881 4997 ὑπόθε-

313 5063 397 5099 σιν
439 5047 606 5115 χωρδς
632 5042 742 5095 τῶν
774 5041 848 5113 μὴ
879 5041 1280 5109 ἐπιδεχομένων
1308 5039 1601 5109 ὑπέρθεσιν
1631 5035 1880 5105 ἐκκλήτῳ

312 5138 631 5192 ὑποκεῖσθαι
660 5138 757 5206 οὑχ
785 5135 931 5198 ἅπαξ
950 5173 965 5199 ,
1000 5131 1134 5187 ἀλλὰ
1156 5134 1250 5185 καὶ
1282 5132 1385 5195 δίς.
1422 5132 1568 5201 Πλὴν
1595 5130 1670 5201 μὴ
1700 5146 1883 5199 παρα-

312 5232 494 5302 δράμῃ
526 5247 583 5282 σε
604 5230 672 5282 τὰ
699 5228 792 5281 τοῦ
817 5238 864 5296 γ’
895 5226 1116 5288 κανόνος
1147 5226 1241 5277 καὶ
1273 5225 1341 5276 τὰ
1369 5223 1459 5277 τοῦ
1493 5221 1533 5275 ε’
1557 5222 1655 5291 τῆς
1678 5220 1884 5287 παρού-

318 5338 418 5392 σης
446 5320 664 5375 συνόδου
689 5320 850 5390 χάριν
878 5315 973 5370 τοῦ
1003 5314 1251 5384 δέχεσθαι
1284 5313 1316 5384 ἢ
1351 5314 1425 5383 μὴ
1452 5312 1702 5383 δέχεσθαι
1731 5309 1884 5380 παρά

314 5411 410 5464 τοῦ
445 5409 646 5463 πάππα
669 5408 768 5478 τὴν
806 5406 1093 5473 ἔκκλητον.
1124 5402 1314 5456 Ἰδικὸν
1341 5402 1448 5471 γάρ
1468 5402 1584 5454 ἐστι
1621 5401 1778 5473 τοῦτο
1801 5402 1881 5463 εἰς

306 5504 415 5565 ’τὰς
451 5500 907 5568 ἐκκλησιαστικὰς
956 5496 1239 5559 ὑποθέσεις
1265 5532 1280 5559 ,
1313 5492 1408 5548 καὶ
1439 5495 1659 5563 κρατεῖν
1682 5492 1882 5563 ὀφείλει

313 5593 446 5647 ἔνθα
484 5592 822 5660 ἐξεφωνήθη.

392 5681 634 5734 ΖΩΝΑΡ.
711 5679 838 5732 Ἐὰν
901 5679 1201 5748 αἱτιάματά
1261 5690 1380 5732 τινα
1446 5674 1682 5747 προτεθῇ
1741 5672 1884 5728 κατά

311 5774 659 5839 ἐπισκόπου,
709 5769 807 5824 καὶ
860 5770 1071 5842 κριθεὶς
1127 5772 1156 5825 ὀ
1209 5769 1528 5840 αἰτιώμενος
1585 5767 1881 5830 ἐπίσκοπος

1985 4592 2111 4633 nem
2167 4576 2566 4647 apostolicum,
2624 4566 3081 4627 Chalcedonensis
3141 4563 3330 4634 synodi
3369 4562 3444 4625 9,
3497 4569 3551 4612 et

1982 4668 2429 4739 Car‘thag‘inensis
2454 4665 2661 4729 15,28,
2688 4664 2791 4719 120
2842 4671 2897 4717 et
2925 4660 3048 4725 121,
3111 4667 3165 4714 et
3220 4656 3412 4710 confer
3456 4666 3550 4707 eos

1981 4773 2169 4814 omnes
2206 4774 2328 4813 cum
2370 4758 2459 4823 iis,
2483 4771 2601 4825 quae
2633 4754 2720 4809 hic
2752 4754 2952 4821 scripta
2991 4757 3139 4804 sunt.
3174 4746 3307 4801 Nam
3342 4743 3552 4813 legibus
3618 4811 3625 4818 _

1982 4867 2197 4922 quoque
2219 4850 2454 4914 videtur,
2477 4862 2696 4904 omnem
2733 4860 2973 4904 causam,
3012 4841 3258 4911 exceptis
3307 4839 3377 4892 iis
3430 4850 3555 4905 qua;

1983 4945 2295 4999 dilationem
2329 4957 2436 4997 non
2475 4940 2764 5009 recipiunt,
2795 4934 3137 5006 appellationi
3179 4931 3399 5001 subjici,
3442 4943 3548 4982 non

1982 5038 2175 5100 semel,
2206 5035 2298 5090 sed
2324 5036 2486 5089 etiam
2520 5034 2623 5087 bis.
2659 5030 2765 5085 Sed
2812 5044 2882 5083 ne
2920 5028 3115 5083 tertius
3161 5038 3336 5079 canon
3386 5031 3437 5074 te
3471 5018 3555 5071 fu-

1983 5133 2093 5200 εἰει
2119 5141 2173 5184 et
2226 5132 2453 5201 quintus
2505 5125 2788 5197 prmenlis
2843 5116 3054 5194 synodi,
3093 5121 3158 5173 de
3216 5110 3549 5170 admittenda

1984 5223 2066 5277 vel
2098 5239 2200 5276 non
2236 5217 2569 5275 admittenda
2611 5232 2640 5270 a
2669 5229 2804 5285 papa
2866 5211 3248 5282 appellatione.
3309 5204 3422 5258 lloc
3468 5207 3554 5256 est

1984 5316 2128 5369 cnim
2177 5313 2416 5385 speciale
2463 5313 2515 5366 in
2554 5309 2742 5365 causis
2789 5301 3200 5368 ecclesiasticis,
3237 5310 3292 5353 et
3328 5291 3551 5352 servari

1980 5408 2147 5462 debet
2180 5407 2267 5462 ubi
2309 5405 2509 5461 editum
2539 5402 2671 5456 fuit.

2070 5670 2239 5744 [.88
2270 5669 2523 5729 ZONAtt.
2555 5669 2612 5725 Si
2637 5669 2945 5738 aliquorum
2983 5666 3273 5721 criminum
3324 5672 3550 5718 accusa-

1984 5776 2074 5821 tus
2103 5763 2266 5821 fuen't
2291 5764 2603 5835 episcopus,
2627 5776 2691 5818 ac
2711 5776 2925 5828 eorum,
2965 5759 3056 5831 qui
3086 5759 3138 5814 in
3186 5755 3551 5816 viciu'ia‘sunt,
