2026 3200
144 190 208 222 Hl'l
722 194 762 224 IN
781 194 863 224 CAN.
883 194 907 224 V
928 193 1030 225 CONC.
1046 196 1195 227 SARDIC.

1690 203 1759 237 1449

139 247 306 281 κιμασθῆναι
322 246 360 274 τὰ
382 249 600 289 προκεκριμένα,
624 250 661 285 μὴ
690 250 889 285 ἀναγκαζὲσθω
911 253 916 276 ἐ

976 250 1052 284 ευιιι,
1068 260 1162 280 rursus
1182 254 1332 281 examinari
1346 263 1354 287 ;
1368 263 1401 287 ne
1412 262 1526 290 coxatur
1538 257 1571 288 is.
1586 258 1632 292 qui
1653 258 1758 292 judicio

139 293 323 325 καταδικάσας
334 295 374 325 εἰς
394 294 503 329 Ῥώμην
514 295 651 329 ἀπελθεῖν,
665 297 722 323 ἀλλ’
732 297 924 324 άπελθὲτωσαν

139 338 179 370 εἰς
191 339 240 373 τὴν
255 339 387 375 ἐπαρχίαν
405 340 474 366 κατὰ
492 341 614 368 κέλευσεν
633 341 680 368 τοῦ
694 343 793 369 πάππα
808 342 926 378 πρεσῦύ-

141 392 212 418 τεροι
232 385 262 417 ἐξ
277 385 359 412 αὐτοῦ
379 385 498 421 πλευροῦ
514 387 609 421 αὐτοῦ,
624 388 682 423 ἦτοι
697 389 729 415 ἐκ
743 390 792 424 τῆς
813 388 926 423 Ἐκκλη-

140 431 201 462 σὶας
214 431 320 463 τούτου,
336 432 383 458 καὶ
404 432 571 467 ῲκειωμένοι
583 433 668 468 αὐτῷ,
684 433 836 468 ὀφείλοντες
851 435 925 469 ἔχειν

139 477 189 511 τὴν
202 477 344 503 αὺθεντίαν
356 478 447 511 αὐτοῦ,
460 479 519 512 ἦτοι
533 479 581 514 τὴν
592 480 724 513 ἐξουσίαν,
741 480 783 514 ἐφ’
797 477 818 515 ᾧ
834 482 925 516 κρῖναι

139 522 189 556 τὴν
212 522 340 549 ὑπόθεσιν
363 524 431 558 μετὰ
448 524 502 550 τῶν
524 525 663 560 ἐγχωρίων
685 525 852 558 ἐπισκόπων,
878 527 924 553 καὶ

139 566 317 594 διευλυτῶσαι
328 569 422 603 αὐτήν.
439 570 469 595 Εἰ
481 570 508 595 δὲ
522 570 536 596 ό
546 571 693 602 ἐπίσκοπος
706 572 755 605 τῆς
773 571 883 607 Ῥώμης
893 572 923 599 οὐ

139 612 233 648 συνίδῃ
244 613 344 639 δίκαιον
353 611 421 640 εἶναι
429 615 620 650 τηρηθῆναιτὰ
630 617 812 650 προκριθέντα
820 618 861 650 (τῇ
871 618 924 652 γὰρ

132 658 285 694 ’δοκιμασίᾳ
297 660 378 686 αὑτοῦ
392 661 405 686 ὁ
418 662 506 688 κανὼν
516 666 546 689 τ’)
558 663 613 688 πᾶν
622 662 802 698 ἀνατίθησιν),
815 664 924 697 ποιήσει

138 704 206 739 ὅπερ
221 705 254 731 ἂν
266 705 327 740 δόξῃ
343 706 416 740 αὐτῷ
432 707 535 733 δίκαιον
549 705 628 734 εἶναι.
642 707 735 734 Ταῦτα
752 708 797 735 τοῦ
813 709 924 741 κανόνος

138 750 332 785 διοριζομένου,
351 751 387 786 μὴ
402 752 550 787 ἐναντιωθῇ
565 761 605 779 σοι
616 754 646 779 τὸ
659 762 721 788 κεφ.
737 755 783 780 τοῦ
796 754 820 780 α’
832 756 922 781 τίτλου

137 795 185 822 τοῦ
208 795 230 821 θ’
244 796 346 830 βιὸλίου
369 797 424 823 τῶν
450 797 612 830 Βασιλικῶν,
637 796 714 832 λέγον
733 801 769 834 μὴ
793 799 922 826 δύνασθαι

139 840 185 868 τὸν
197 841 376 876 ὲκκλητάριον
387 843 582 877 παραπέμπειν
592 844 660 878 τιρὺς
671 843 713 870 ἓτε
719 853 763 879 ρον
777 845 826 880 τὴν
839 846 923 881 τήρη-

139 896 181 914 σιν
191 888 239 921 τῆς
250 889 393 924 ὲκκλήτου,
406 889 472 916 ἀλλά
482 889 515 915 δι’
528 889 626 917 ἑαυτοῦ
639 891 740 925 ταύτης
752 892 919 925 ἀκροᾶσθαι·

138 934 196 960 ἀλλ’
213 935 273 960 εἰπὲ
292 936 374 962 ἰδικὺν
391 934 461 964 εἶναι
476 936 523 964 τὸν
541 937 663 972 παρόντα
681 938 792 969 κανόνα,
811 938 858 974 καὶ
872 939 919 965 οὖ-

135 988 190 1011 τως
204 980 394 1016 ὲκφωνηθῆναι
406 981 451 1008 διὰ
465 981 495 1008 τὸ
511 981 599 1017 μῆκος
611 984 662 1017 τῆς
676 982 748 1013 ὁδοῦ,
764 984 811 1012 καὶ
825 983 870 1009 ’ίνα
882 983 919 1019 μὴ

141 1027 308 1054 σκὺλλωνται
327 1028 351 1053 οἰ
368 1027 511 1057 ἐπίσκοποι
526 1028 573 1054 ἐπὶ
590 1028 709 1063 μακράν,
724 1028 795 1057 οὕτω
811 1031 857 1059 καὶ
874 1031 920 1056 ἁλ-

138 1073 256 1108 λοδαπὴν
271 1074 363 1108 χώραν
383 1074 522 1108 γινόμενοι
536 1074 664 1108 διάειμοι.
680 1076 717 1102 Τὸ
730 1075 758 1101 δὲ
780 1076 848 1110 μετὰ
865 1076 919 1102 τῶν

139 1120 333 1154 πρεσΰυτέρων
348 1120 396 1146 τοῦ
412 1120 511 1149 πάππα
525 1121 646 1152 δικάζειν
662 1123 710 1156 τὴν
726 1122 855 1157 δευτέραν
872 1123 918 1150 ἐκ·

137 1164 235 1200 κλητον
258 1166 321 1193 τοὺς
345 1165 518 1200 ὲπαρχιώτας
543 1166 708 1198 ἐπισκόπους
725 1168 788 1199 τοὺς
809 1169 919 1198 καταδιξ

140 1211 278 1241 κάσαντας
292 1211 337 1237 τὸν
353 1210 511 1244 ἐπίσκοπον,
528 1211 565 1246 μὴ
580 1213 661 1247 εἴπῃς
677 1213 863 1243 ἐναντιοῦσθαι
879 1214 918 1249 τῷ

137 1258 222 1292 νόμῳ,
239 1257 276 1292 τῷ
290 1257 406 1290 λέγοντιδ
426 1258 454 1283 Ὀ
473 1258 602 1293 δικαστὴς
617 1258 690 1290 ἅπαξ
709 1259 918 1295 ἀποφηνάμενος

137 1303 285 1335 πέπαυται,
305 1304 352 1329 καὶ
368 1304 398 1329 οὑ
417 1303 526 1332 δύναται
545 1305 638 1339 τηρεῖν
654 1302 731 1336 αὖθις
744 1305 792 1340 τὴν
814 1306 918 1333 οἰκείαν

137 1350 289 1384 ἀπόφασιν·
305 1350 463 1385 ὲξεφωνήθη
479 1351 533 1387 γάρ
548 1351 593 1380 καὶ
609 1351 687 1377 τοῦτο
702 1351 867 1386 ἰδικώτερον,
879 1352 918 1384 ὡς

136 1396 199 1429 ἐμοὶ
219 1396 302 1423 δοκεῖ.
325 1397 372 1423 Διὰ
387 1397 441 1431 γὰρ
458 1397 536 1425 τοῦτο
558 1398 604 1426 καὶ
625 1397 664 1428 εἰς
684 1397 847 1433 δοκιμασίαν
871 1398 917 1425 τοῦ

137 1442 235 1468 πάππα
259 1442 372 1477 ἀνετέθη
393 1443 424 1468 ab
448 1441 517 1474 εἶδος
539 1443 588 1478 τῆς
611 1443 739 1478 κρίσεως.
764 1444 846 1473 ὀσον
865 1446 918 1480 γὰρ

138 1488 191 1514 ἀπὸ
204 1488 250 1514 τοῦ
266 1488 348 1521 νόμου
364 1488 388 1513 οἱ
403 1487 477 1522 ἅπαξ
492 1489 698 1522 ἀποφηνάμενοι
714 1489 764 1517 οὐκ
785 1489 918 1525 1ἡδύναντο

136 1532 307 1564 συνδικάζειν
333 1532 403 1567 μετὰ
417 1532 470 1559 τῶν
488 1532 678 1568 πρεσϐυτέρων
692 1533 739 1562 τοῦ
756 1530 916 1565 πάππα.Ἕί

976 297 1082 331 vicerit,
1101 298 1213 326 Romam
1242 301 1350 332 venire;
1373 302 1419 328 sed
1432 302 1458 328 in
1486 303 1654 337 provinciam
1678 304 1758 338 jussu

976 349 1051 377 papre
1064 345 1171 371 veniant
1185 346 1334 381 presbyteri
1360 353 1394 373 ex
1428 347 1487 381 ejus
1517 348 1612 380 latere,
1641 350 1699 377 sive
1722 350 1758 378 alt

975 389 1034 422 ejus
1056 390 1179 422 ecclesia,
1212 396 1238 417 et
1266 391 1448 420 familiaritate
1474 393 1511 420 'lli
1538 394 1687 430 conjuncti,
1710 396 1758 431 qui

976 436 1163 462 auctoritatem
1180 436 1237 462 sive
1251 441 1411 470 potestatem
1438 437 1496 472 ejus
1526 440 1625 466 habere
1643 440 1755 473 debent,

976 484 1006 507 ut
1023 487 1082 507 cum
1102 481 1220 515 regionis
1243 482 1313 508 illius
1335 482 1468 516 episcopis
1484 484 1516 510 de
1533 485 1682 518 thJtstione
1709 486 1755 518 ju-

974 526 1074 558 dicent,
1089 526 1215 560 illamque
1230 528 1367 554 decidant.
1385 528 1412 555 Si
1430 534 1519 556 autent
1534 529 1673 558 Romanus
1699 534 1757 566 epis

974 579 1071 606 scapus
1085 579 1136 598 non
1148 580 1208 599 esse
1218 572 1319 606 justum
1337 576 1513 608 perspexerit,
1533 581 1561 603 ιιι
1577 585 1672 604 rursus
1688 585 1755 605 eia-

975 616 1112 643 miuentur
1127 625 1156 643 ea
1172 625 1230 652 qua:
1248 619 1323 652 prius
1343 619 1461 651 judicata
1483 620 1581 648 fuerint
1600 622 1668 656 (ejus
1683 624 1754 653 enim

972 662 1072 697 judicio
1084 670 1170 689 canon
1185 665 1275 691 omnia
1295 665 1450 701 relinquit),
1468 667 1548 703 ίιιςὶει
1561 669 1631 702 quod
1643 670 1692 696 sibi
1710 670 1755 703 ju.

973 711 1043 732 stum
1062 714 1124 734 esse
1141 707 1285 736 videbitur.
1306 709 1374 737 Cum
1395 711 1452 738 luec
1467 720 1554 739 canon
1577 714 1698 746 detiniat,
1722 723 1756 742 ue

975 751 1021 778 tibi
1034 754 1199 780 contrarium
1224 761 1284 782 esse
1300 756 1425 794 videatur
1446 763 1526 791 caput
1548 759 1627 792 primi
1645 761 1686 787 tit.
1708 760 1753 786 lib.

974 804 1000 823 ιι
1017 795 1193 824 Basilicarum
1211 799 1313 832 dicens,
1342 808 1394 828 non
1429 809 1506 836 posse
1536 803 1655 837 judirem
1670 804 1755 840 489

972 842 1134 877 appellatum
1147 845 1180 871 ad
1189 845 1270 872 alium
1293 848 1478 875 transmittere
1504 850 1686 884 cognitionum
1704 860 1754 886 ap-

973 888 1136 923 pellationis,
1148 890 1195 917 sed
1211 898 1270 918 eam
1285 899 1332 925 per
1346 900 1374 920 se
1385 893 1480 921 audire
1496 895 1593 922 debere
1606 904 1612 922 :
1643 897 1689 924 sed
1709 897 1754 925 dic

972 939 1131 968 presentem
1148 944 1280 964 canonetn
1293 946 1353 966 esse
1375 939 1532 974 specialem,
1555 947 1582 969 et
1598 942 1634 969 ita
1650 944 1752 971 editqu

969 987 1030 1007 esse
1044 986 1151 1016 propter
1164 982 1213 1009 vite
1224 982 1434 1018 longitudinem,
1446 992 1473 1013 et
1495 995 1529 1014 ne
1543 994 1678 1019 vexentur.
1695 991 1752 1023 epi-

970 1026 1044 1057 scopi
1062 1028 1088 1053 in
1106 1027 1173 1054 adeo
1199 1028 1372 1069 longinquam
1400 1032 1515 1059 alienam
1533 1034 1670 1069 regionem
1696 1041 1753 1063 tra-

971 1071 1060 1098 hendi.
1090 1071 1157 1100 Cum
1188 1066 1354 1109 presbyteris
1381 1083 1470 1104 autem
1501 1066 1576 1113 papa;
1603 1081 1749 1108 Secundam

969 1118 1176 1152 appellationem
1188 1119 1312 1155 judicare
1327 1124 1517 1156 provinciales
1534 1126 1686 1161 episcopos,
1705 1129 1751 1162 qui

969 1164 1182 1191 condemnarunt
1199 1167 1367 1201 episcopum,
1387 1177 1419 1195 ne
1447 1171 1523 1197 dicas
1553 1179 1613 1198 esse
1640 1177 1751 1199 contra-9

970 1209 1038 1235 riutu
1053 1210 1114 1244 legi,
1132 1219 1190 1244 qua),
1203 1212 1278 1244 dicit,
1295 1214 1393 1246 Judex,
1417 1215 1463 1249 qui
1489 1219 1572 1243 semel
1593 1220 1751 1251 pronuntia-

970 1255 1016 1287 vit,
1032 1256 1119 1283 olliciu
1139 1256 1247 1285 iunctus
1263 1266 1314 1291 est,
1333 1266 1360 1286 et
1376 1269 1428 1287 non
1460 1266 1549 1296 potest
1569 1272 1663 1292 rursus
1687 1273 1751 1299 pro-

969 1299 1054 1335 priam
1068 1305 1230 1331 sententiam
1254 1307 1427 1334 examinare:
1459 1317 1519 1335 nam
1536 1313 1563 1336 et
1593 1310 1643 1337 hoc
1669 1313 1750 1338 etiam

967 1348 1119 1382 specialius
1132 1350 1235 1377 editqu
1252 1357 1305 1383 est,
1330 1358 1357 1379 ut
1377 1354 1441 1380 mihi
1472 1355 1589 1382 videtur.
1605 1355 1749 1390 Propterea

968 1394 1076 1422 enimet
1094 1396 1287 1431 papaejudicio
1317 1398 1438 1425 relictum
1464 1404 1505 1426 est
1533 1408 1617 1435 genus
1644 1402 1750 1435 jndicii.

968 1437 1045 1474 Quod
1073 1441 1144 1470 enim
1172 1442 1205 1468 ad
1232 1442 1304 1476 leges
1331 1444 1439 1475 attinet,
1467 1453 1519 1472 non
1546 1452 1671 1480 poterant
1698 1456 1749 1474 una

968 1491 1028 1510 cum
1044 1492 1119 1518 papae
1134 1487 1302 1526 presbyteris
1325 1488 1448 1523 judicare
1467 1491 1495 1524 ii,
1519 1491 1563 1526 qui
1588 1493 1748 1520 sententiam

968 1530 1043 1564 prius
1069 1530 1195 1563 tulerant,
1214 1533 1261 1559 Sin
1281 1540 1368 1560 autent
1381 1535 1492 1563 "dixeris
1528 1537 1595 1564 alios
1618 1546 1679 1565 esse
1692 1542 1748 1572 epi-

136 1578 163 1603 δὲ
175 1577 254 1613 εἴπης
266 1577 374 1612 ἑτέρους
385 1578 549 1608 ἐπισκόπους
561 1576 631 1604 εἶναι
645 1578 756 1610 τούτους
771 1579 844 1615 παρὰ
854 1579 916 1611 τοὺς

969 1582 1084 1610 scopas,
1107 1577 1151 1613 qui
1186 1579 1346 1611 sententiam
1373 1581 1497 1614 tulerint,
1531 1583 1598 1610 nihil
1627 1584 1747 1613 invenies

135 1623 434 1658 προαποφηναμένους,
462 1623 541 1650 οὐδέν
570 1632 596 1651 τι
627 1624 753 1659 εὑρήσεις
781 1625 915 1660 ἀντίξουν.

134 1668 218 1695 "Emi.
234 1669 261 1694 δὲ
289 1669 318 1694 ὲν
336 1669 392 1700 τοῖς
415 1668 581 1703 προλαῦοὖσι
607 1670 717 1697 κανόσιν
739 1672 852 1706 εἴπομεν
878 1672 916 1708 μὴ

135 1712 204 1739 εἶναι
218 1713 251 1740 τὰ
263 1713 326 1748 περὶ
339 1713 384 1743 τοῦ
401 1714 500 1741 πάππα
516 1714 658 1750 ὁρισθέντα
675 1715 745 1742 ἰδικᾶ
760 1717 853 1743 τούτου
869 1718 916 1744 καὶ

134 1760 215 1793 μόνου
246 1760 397 1795 προνόμια,
424 1761 494 1788 ὥστε
524 1761 596 1796 ἔχειν
619 1762 648 1797 ἐξ
677 1762 801 1798 ἀνάγκης
827 1765 915 1791 πάντα

135 1805 283 1832 ἐπίσκοπον
297 1806 546 1841 καταδικαζόμενον
565 1807 604 1843 τῷ
625 1807 710 1843 θρόνῳ
730 1808 780 1843 τῆς
807 1809 914 1844 Ῥώμης

133 1852 341 1888 προσέρχεσθαι,
360 1852 427 1880 ἀλλὰ
447 1852 624 1884 ἐξακούεσθαι
647 1855 693 1881 καὶ
712 1855 752 1886 εἰς
771 1855 817 1882 τὸν
836 1857 915 1883 Κων-

133 1898 393 1929 σταντινουπόλεως.
414 1898 448 1925 τὰ
467 1898 535 1926 αὐτὰ
551 1899 597 1925 καὶ
614 1899 694 1926 πάλιν
711 1901 810 1936 φαμέν.

165 1943 287 1971 ΖΩΝΑΡ.
307 1945 369 1971 Ἐὰν
379 1945 537 1977 ἐπίσκοπος,
553 1945 631 1980 φησὶ,
641 1946 840 1982 καταγγελθείη
855 1948 913 1986 ἦτοι

132 1990 307 2026 κατηγορηθῇ
323 1990 368 2017 ἐπί
381 1999 453 2017 τισιν
465 1991 630 2026 ἐγκλήμασι,
644 1992 692 2018 καὶ
706 1992 878 2027 συνελθόντες
888 1996 913 2021 οἱ

130 2036 275 2062 ἐπίσκοποι
292 2030 341 2071 τῆς
363 2036 470 2072 ὲνορίας
488 2036 595 2071 ἐκείνης
610 2038 833 2073 ἁποκινήσωσιν,
853 2041 913 2067 ἀντὶ

130 2083 176 2109 τοῦ
189 2082 349 2115 ἐκϐάλωσιν,
362 2082 442 2109 αὑτὸν
454 2082 500 2109 τοῦ
515 2082 629 2117 βαθμοῦ,
642 2083 727 2119 ᾖγουν
740 2085 788 2119 τῆς
802 2086 913 2113 ὲπισκου

131 2128 215 2161 πικῆς
229 2127 317 2160 ἀξίας,
332 2128 436 2159 ὲγεῖνος
451 2127 478 2154 δὲ
494 2127 626 2163 ἔκκλητον
641 2128 762 2165 ζητήσας
777 2131 848 2158 κατὰ
861 2131 911 2167 τῆς

132 2172 364 2207 καταδικαζούσης
397 2172 478 2200 αὑτὸν
510 2173 672 2206 ἀποφάσεως
705 2168 845 2211 προσέλοη
872 2175 911 2211 τῷ

132 2218 250 2253 πάππα,
277 2219 324 2244 καὶ
353 2218 367 2244 ό
397 2218 513 2249 πάππας
544 2217 644 2257 θελήσῃ
670 2219 786 2246 ἀκοῦσαι
814 2220 908 2253 αὑτοῦ,

128 2264 232 2291 δίκαιον
259 2263 373 2299 νομίσας
402 2264 608 2294 ἀνανεώσασθαι
633 2265 682 2299 τὴν
711 2265 835 2301 ἐξέτασιν
863 2267 909 2293 τοῦ

130 2310 303 2344 πράγματος,
318 2309 445 2338 τουτέστι,
457 2309 505 2337 καὶ
520 2310 599 2339 πάλιν
612 2310 740 2345 κριθῆναι
755 2311 803 2346 τὴν
815 2311 911 2341 ὑπόθε-

129 2364 181 2390 σιν,
195 2356 323 2391 γραφέτω
334 2356 388 2386 τοῖς
402 2355 561 2388 ἐπισκόποις
570 2357 626 2388 τοῖς
637 2357 840 2392 ἀγχιστεύουσι,
854 2360 911 2390 τοῖς

127 2402 211 2437 ἀγχοῦ
226 2411 275 2428 που
288 2403 334 2428 καὶ
348 2401 460 2439 πλησίον
473 2400 533 2431 οὖσι
544 2403 594 2440 τῆς
607 2403 742 2441 ἐπαρχίας
757 2405 786 2430 ἐν
800 2404 817 2439 ᾗ
833 2404 846 2431 ὁ
861 2413 910 2431 κα-

127 2447 297 2478 ταδικασθεὶς
317 2447 464 2478 ὲπίσκοπός
483 2448 576 2480 ἐστιν,
594 2448 638 2474 ἵνα
657 2448 735 2475 αὐτοὶ
749 2447 910 2480 ἐξετάσωσιν

127 2493 263 2527 ἐπιμελῶς
282 2492 329 2528 τὴν
346 2493 484 2526 ὑπόθεσιν,
502 2494 550 2521 καὶ
570 2493 661 2528 ψῆφον
673 2495 757 2530 ἠγουν
772 2494 910 2529 ἀπόφασιν

126 2539 313 2573 ἐξενέγκωσιν.
339 2539 471 2566 Ἐνταῦθα
486 2540 611 2573 φαίνεται
626 2539 641 2566 ό
655 2540 745 2567 κανὼν
760 2537 836 2572 οὗτος
850 2541 908 2566 δευ-

125 2586 208 2620 τέραν
223 2585 353 2620 ἔκκλητον
367 2585 451 2620 διδοὺς
465 2585 503 2620 τῷ
519 2585 744 2613 καταδικασθέντι
754 2586 908 2620 ὲπισκόπῳ.
918 2607 925 2615 .

126 2631 209 2664 Λέγει
231 2631 302 2665 γάρ·
328 2630 360 2656 Εἰ
375 2631 403 2657 δέ
428 2639 470 2662 τις
493 2630 575 2662 ἀξιῶν
599 2631 647 2657 καὶ
671 2631 753 2661 πάλιν
773 2631 855 2661 αὑτοῦ
878 2633 909 2659 τὸ

128 2677 244 2712 πρᾶγμα
260 2676 436 2711 ἀκουσθῆναι,
449 2677 474 2702 εἰ
493 2676 547 2711 γὰρ
558 2677 606 2703 καὶ
618 2676 694 2712 παρὰ
706 2677 760 2705 τῶν
772 2676 856 2712 ἀγχοῦ
875 2678 907 2712 τῇ

126 2715 246 2758 ἐπαρχίᾳ
267 2722 351 2750 ὄντων
376 2722 533 2750 ἐπισκόπων
555 2724 719 2758 κατακριθῇ,
735 2724 823 2758 νφησὶ.
857 2725 907 2750 καὶ

125 2770 196 2803 ἁξιοί
223 2770 304 2798 πάλιν
331 2769 510 2804 ἀκουσθῆναι,
537 2770 585 2796 καὶ
607 2769 687 2796 τοῦτο
707 2769 771 2807 δόξῃ
797 2769 845 2796 καὶ
868 2769 907 2805 τῷ

131 2814 273 2849 Ῥωμαίων
296 2814 437 2849 ὲπισκόπῳ
457 2815 510 2850 (τῇ
535 2815 590 2849 γὰρ
610 2814 759 2849 δοκιμασίᾳ
778 2814 860 2842 αὑτοῦ
876 2815 907 2841 τὺ

126 2861 178 2886 πᾶν
191 2859 373 2895 ἀνατίθησιν),
390 2859 432 2886 ἵνα
447 2859 550 2886 στέλλοι
567 2859 769 2895 πρεσϐυτέρους
787 2860 842 2896 άπὸ
858 2859 906 2887 τοῦ

129 2906 193 2932 ἰδίου
217 2905 333 2939 πλευροῦ
347 2926 354 2940 ,
374 2907 517 2933 τουτέστιν
534 2906 677 2941 ἐκκρίτους
695 2906 808 2941 πλησίον
828 2907 910 2937 αὑτοῦ

968 1627 1130 1654 repugnans.
1141 1622 1207 1659 Quia
1224 1628 1314 1653 autem
1343 1624 1368 1651 in
1391 1626 1525 1660 prioribus
1540 1631 1689 1656 canonib-zs
1706 1631 1747 1656 di-

968 1665 1066 1697 ximus,
1084 1674 1137 1697 non
1152 1675 1213 1695 esse
1230 1676 1289 1702 quae
1303 1670 1336 1697 de
1351 1678 1418 1705 papa
1445 1674 1594 1701 constituta
1605 1681 1667 1701 sunt
1682 1683 1745 1710 spe-

967 1711 1046 1738 cialia
1064 1713 1122 1746 ejus
1135 1720 1162 1742 et
1182 1714 1444 1754 solius‘privilegia,
1463 1725 1490 1745 ut
1515 1728 1624 1748 necesse
1649 1721 1748 1749 habent

966 1758 1054 1791 quivis
1065 1760 1263 1788 condemnatus
1279 1763 1424 1797 episcopus
1444 1765 1477 1791 ad
1486 1766 1578 1795 sedem
1598 1766 1746 1795 Romanam

965 1803 1106 1837 accedere,
1122 1806 1168 1832 sed
1180 1807 1262 1834 etiam
1278 1804 1347 1845 apud
1360 1810 1453 1840 sedem
1471 1811 1745 1849 Constantinopolita-

966 1856 1026 1875 nam
1044 1850 1180 1885 exaudiri;
1194 1853 1289 1879 eadem
1307 1856 1415 1889 quoq‘ue
1430 1863 1525 1884 rursus
1550 1858 1673 1890 dicimus.

999 1939 1124 1971 ZONAB,
1142 1941 1170 1969 Si
1197 1943 1278 1977 quis,
1310 1944 1408 1980 inquit,
1436 1946 1579 1985 episcopus
1607 1948 1641 1977 ob
1655 1949 1743 1983 aliqua

964 1986 1078 2013 crimina
1095 1988 1209 2024 delatus,
1225 1989 1276 2017 hoc
1291 1996 1342 2024 est,
1356 1999 1499 2021 accusatus
1514 1994 1606 2028 fuerit,
1628 2004 1743 2032 eumque

963 2035 1116 2069 congregati
1135 2034 1196 2070 ejus
1214 2037 1332 2071 regionis
1348 2039 1468 2075 episcopi
1479 2043 1564 2075 gradu
1597 2044 1741 2078 moverint,

963 2078 1015 2106 hoc
1028 2084 1081 2112 est,
1100 2081 1244 2114 episcopali
1256 2084 1387 2118 dignitate
1401 2087 1554 2120 spoliat-int,
1579 2096 1695 2124 moxque
1710 2091 1743 2117 ab

964 2126 1152 2162 iisjudieibus.
1169 2136 1183 2154 a
1206 2129 1305 2165 quibus
1332 2132 1476 2162 daniuatus
1492 2133 1553 2166 fuit,
1582 2135 1616 2165 ad
1644 2143 1741 2171 papam

963 2174 1127 2207 provocarit,
1154 2175 1198 2208 qui
1215 2175 1261 2202 Illo
1277 2176 1369 2204 attdito
1395 2180 1492 2205 iterum
1514 2181 1661 2210 exatniunri
1676 2189 1742 2208 cau-

962 2228 1030 2252 sam,
1049 2228 1200 2255 novumque
1227 2222 1260 2249 de
1280 2230 1311 2249 ea
1331 2223 1462 2257 judicium
1489 2225 1591 2253 institui
1605 2245 1613 2259 ,
1636 2235 1740 2261 aequum

962 2266 1175 2300 existimaverit;
1203 2267 1306 2297 litteras
1332 2269 1365 2295 ad
1393 2270 1534 2305 episcopos
1546 2271 1569 2298 ei
1595 2273 1740 2305 provintiae

963 2313 989 2340 in
1001 2321 1052 2347 qua
1070 2313 1215 2344 damnatus
1228 2315 1372 2349 episcopus
1386 2316 1468 2350 degit,
1491 2319 1629 2352 proximos
1640 2321 1740 2352 mittat,

961 2364 990 2385 ιιι
1007 2359 1069 2394 ipsi,
1085 2352 1230 2396 diligenter
1261 2359 1399 2399 explorata
1420 2366 1620 2396 controversia,
1639 2371 1693 2395 tota
1708 2366 1741 2393 du

961 2412 989 2431 re
1001 2409 1091 2439 postea
1104 2405 1236 2438 judicent.
1266 2405 1379 2433 Videtur
1406 2415 1486 2442 porro
1516 2409 1561 2440 hic
1592 2418 1677 2438 canon
1691 2411 1741 2442 hoc

960 2449 1021 2476 loco
1049 2451 1194 2478 secundam
1227 2459 1336 2486 quoque
1366 2454 1588 2487 provocationem
1614 2456 1741 2484 damnato

960 2496 1087 2530 episcopo
1108 2494 1226 2524 dare.'Si
1251 2498 1312 2532 quis
1339 2500 1422 2531 enim,
1448 2500 1645 2535 ait,quamvis
1670 2511 1684 2529 a
1701 2504 1742 2529 vi-

959 2542 1027 2569 cina:
1043 2543 1190 2576 provincia:
1204 2543 1339 2578 episcopis
1355 2547 1562 2579 condemnatus,
1583 2547 1680 2577 iterum
1691 2556 1739 2574 au-

960 2587 1009 2613 diri
1027 2588 1101 2619 velit,
1128 2596 1177 2617 nec
1201 2589 1226 2615 id
1253 2588 1389 2618 Romanus
1412 2590 1554 2625 episcopus
1573 2592 1673 2619 abnuat
1701 2594 1737 2627 (id

944 2640 1074 2669 namque
1096 2637 1181 2660 totum
1197 2633 1230 2660 ad
1256 2633 1328 2660 illius
1347 2633 1488 2663 arbitrium
1510 2634 1606 2664 referri
1629 2635 1739 2670 placet),

959 2679 1159 2713 presbyterosa
1186 2687 1237 2706 suo
1264 2679 1348 2707 latere
1371 2679 1485 2714 ipsemet
1514 2681 1612 2712 mittat,
1637 2680 1738 2708 electus

960 2723 1086 2751 nimirum
1096 2723 1187 2756 exiis,
1203 2732 1273 2758 qttos
1293 2724 1374 2752 habet
1400 2726 1450 2753 sibi
1469 2727 1571 2753 hon0re
1600 2727 1739 2761 proximos

958 2766 1198 2803 iamiliaritateque
1212 2769 1381 2803 coujuuctos,
1399 2771 1571 2801 auctoritatis
1583 2772 1738 2806 potestatis-

959 2821 1015 2848 qne
1035 2821 1089 2841 suae
1107 2815 1231 2847 vicarius,
1245 2816 1294 2850 qui
1306 2816 1440 2851 episcopis
1470 2816 1599 2845 adhibitis
1628 2824 1736 2844 causam

959 2860 1033 2887 iilam
1048 2861 1318 2896 controversiamque
1341 2861 1479 2889 deliniant.
1498 2862 1525 2889 Si
1540 2870 1603 2889 vero
1621 2863 1664 2895 iis,
1677 2870 1737 2898 quae

965 2907 992 2934 iu
1007 2906 1150 2942 episcopaii
1170 2907 1354 2936 controversia
1379 2907 1596 2943 deﬂuicndajam
1622 2913 1682 2936 acta
1706 2916 1736 2936 ac
