4052 6406
313 429 448 488 1455

389 564 405 594 ι
446 542 663 595 πόλεσιν
703 539 967 609 καθιστᾷν
1002 534 1333 595 ἐπισκόπους
1373 530 1708 601 ὀφείλουσιν.
1745 525 1873 577 ἔνθα
1903 525 1951 583 Α

387 654 405 687 ι
443 636 536 687 καὶ
584 633 843 703 πρότερον
887 629 1181 697 ἐτύγχανον
1224 624 1507 691 γεγονότες
1556 622 1868 672 ἐπίσκοποι.

392 745 408 777 t
449 726 510 777 Εἰ
535 726 588 776 δὲ
616 724 922 792 εὑρίσκοιτο
953 720 1119 780 οὕτως
1136 714 1481 785 πληθύνουσά
1501 730 1583 772 τις
1604 715 1661 763 ὲν
1693 707 1871 775 πολλῇ)

387 837 405 867 ι
451 817 669 885 ἀριθμῷ
691 814 819 867 λαοῦ
848 812 1021 875 πόλις,
1049 811 1121 871 ὡς
1152 808 1307 870 ἀξίαν
1330 805 1496 874 αὐτὴν
1522 803 1619 871 τῆς
1648 804 1875 854 ἐπισκο-

387 929 404 959 ι
443 910 550 976 πῆς
582 905 933 975 νομίζεσθαι,
965 901 1305 971 λαμὸανέτω.
1349 896 1409 948 Εἰ
1450 896 1613 949 πᾶσιν
1651 894 1873 963 ἀρέσκει

389 1020 406 1049 ι
447 1000 638 1063 mino;
690 996 1075 1065 ’Λπεκρίναντο
1113 992 1310 1052 πάντες
1336 1005 1349 1018 ·
1397 987 1662 1054 Ἀρέσκει.
1704 1003 1724 1035 ι

384 1089 574 1144 ΒΛᾹΣ.
620 1089 721 1140 Τοῦ
759 1088 822 1155 ιβ’
856 1086 1075 1145 κανόνος
1111 1082 1205 1151 τῆς
1240 1083 1296 1132 ἐν
1328 1077 1611 1147 Λαοδικείᾳ
1659 1075 1874 1129 συνόδου

314 1182 405 1233 καὶ
454 1181 650 1249 ἐτέρων
692 1176 1084 1246 διορισαμένων
1121 1173 1218 1233 τὰς
1260 1169 1469 1239 ψήφους
1501 1168 1607 1219 τῶν
1652 1165 1875 1216 ἐπισκό-

314 1289 430 1322 πων
479 1268 756 1337 γίνεσθαι,
802 1268 875 1337 μὴ
915 1265 1062 1335 παρά
1100 1262 1191 1315 τοῦ
1224 1262 1459 1331 πλήθους
1490 1260 1598 1310 τῶν
1628 1258 1873 1318 πόλεων,

314 1364 448 1416 ἀλλά
476 1364 626 1431 παρά
643 1359 963 1429 ἀρχιερέων,
987 1360 1013 1409 6
1041 1354 1227 1423 παρὼν
1254 1352 1431 1409 κανὼν
1450 1348 1741 1418 διορίζεται
1768 1348 1871 1411 ὅτι,

314 1457 408 1508 ἐὰν
440 1472 501 1506 συ
511 1454 616 1522 μϐῇ
643 1451 749 1505 ἀπὸ
775 1451 878 1504 τῶν
901 1448 1208 1502 ἐπισκόπων
1229 1447 1327 1514 τῆς
1350 1445 1613 1515 ἐπαρχίας
1643 1441 1735 1493 ’ἐνα
1754 1439 1877 1492 τινὰ

314 1550 630 1616 ἀποδημεῖν,
675 1547 765 1599 καὶ
820 1546 893 1614 μὴ
936 1543 1107 1596 θέλειν
1157 1541 1294 1610 μετά
1338 1537 1429 1590 τοῦ
1482 1535 1719 1605 πλήθους
1766 1532 1875 1585 τῶν

319 1637 525 1690 πολλῶν
577 1637 866 1698 συνελθεῖν,
914 1635 995 1703 ἐφ’
1038 1626 1080 1698 ᾧ
1114 1632 1208 1701 τὴν
1252 1630 1432 1698 ψῆφον
1477 1626 1729 1696 γενέσθαι
1777 1625 1875 1692 τῆς

315 1750 383 1804 χη
397 1732 655 1800 ρευούσης
686 1729 993 1799 ἐκκλησίας,
1027 1728 1094 1779 τά
1122 1727 1177 1778 δὲ
1209 1723 1385 1794 πλήθη
1420 1721 1517 1788 τῆς
1547 1720 1752 1779 πόλεως
1783 1718 1880 1786 ζη-

315 1823 479 1877 τῶσιν
525 1823 802 1894 ἀρχιερέα,
850 1820 1050 1889 ὀφείλει
1100 1821 1126 1870 6
1178 1816 1403 1885 ἔξαρχος
1450 1808 1550 1880 τῆς
1589 1810 1876 1880 ἐπαρχίας,

314 1917 482 1983 ἧγουν
504 1914 531 1965 6
550 1912 978 1982 μητροπολίτης,
1009 1904 1424 1978 μετακαλεῐσθαι
1445 1903 1536 1954 καὶ
1558 1900 1647 1952 τὸν
1674 1899 1881 1951 ἀπόντα

313 2009 604 2058 ἐπίσκοπον
640 2004 725 2056 διὰ
752 2001 1112 2071 γραμμάτων,
1136 1998 1208 2058 ὡς
1231 1997 1295 2051 ἂν
1318 1995 1532 2064 γίνηται
1554 1993 1586 2062 ἡ
1609 1991 1883 2044 κατάστα-

316 2114 400 2159 σις
452 2096 544 2147 τοῦ
594 2093 890 2145 ἐπισκόπου
924 2090 1074 2159 παρὰ
1116 2089 1332 2140 πάντων
1366 2086 1475 2138 τῶν
1524 2081 1880 2153 ἐπαρχιωτῶν

314 2189 453 2241 κατά
496 2189 586 2240 τὸν
615 2188 655 2238 δ’
688 2184 887 2238 κανόνα
922 2183 1019 2250 τῆς
1058 2179 1117 2233 α’
1156 2179 1393 2236 συνόδου.
1429 2178 1490 2229 Ei
1519 2176 1575 2229 δὲ
1623 2170 1777 2238 οὗτος
1818 2172 1877 2225 οὐ

318 2279 532 2346 θελήσει
571 2277 953 2346 παρουσιάσαι,
982 2271 1100 2325 οὐδὲ
1136 2271 1375 2323 συναινεί
1404 2268 1471 2322 δι’
1504 2267 1875 2337 ἀντιγραφῆς,

316 2372 558 2439 γίνεσθαι
604 2372 700 2439 τὴν
742 2369 917 2438 ψῆφον
970 2366 1108 2418 κατά
1140 2367 1199 2416 τὸ
1243 2361 1401 2425 δόξαν
1429 2362 1506 2432 τῷ
1547 2359 1741 2429 πλήθει
1769 2359 1878 2410 τῶν

318 2462 666 2531 ἑπαρχιωτὼν
687 2460 876 2513 ὲπισκό
887 2475 1014 2510 πων.
1041 2456 1172 2509 Οὐδὲ
1188 2455 1297 2525 γὰρ
1321 2452 1667 2524 προϐαλεῖται
1691 2452 1721 2503 6
1741 2452 1875 2505 ἀπο-

256 2614 263 2625 ,
317 2555 500 2623 δημῶν
546 2555 766 2621 ἄγνοιαν
817 2551 851 2621 ἢ
904 2549 1339 2618 καταφρονησιν,
1395 2544 1470 2607 ὼς
1520 2541 1878 2611 μετακληθεὶς

319 2646 468 2718 παρά
500 2648 596 2716 τῆς
647 2645 861 2698 συνόδου
893 2644 985 2698 καὶ
1031 2642 1104 2713 μὴ
1140 2642 1534 2710 παρουσιάσας.
1569 2637 1753 2690 Ταῦτα
1784 2635 1876 2689 τοῦ

319 2741 537 2801 κανόνος
561 2737 926 2808 διοριζομὲνου
950 2738 1077 2801 περὶ
1098 2733 1275 2802 ψήφου
1296 2729 1635 2800 χηρευούσης
1658 2732 1879 2782 ἐπισκο-

317 2830 451 2899 πῆς,
481 2831 600 2881 ἐπεὶ
620 2830 724 2897 πρὸ
742 2827 831 2880 τοῦ
854 2824 934 2895 κη’
967 2827 1184 2884 κανόνος
1212 2822 1306 2890 τῆς
1333 2822 1392 2871 ὲν
1407 2818 1711 2889 Χαλκηδόνι
1745 2836 1872 2871 συν-

320 2921 440 2973 όδου
470 2923 517 2971 οί
563 2917 950 2989 μητροπολῖται
980 2914 1126 2983 παρᾶ
1162 2910 1474 2964 ἐπισκόπων
1495 2909 1753 2976 ἐγίνοντο,
1781 2911 1875 2962 καὶ

319 3010 439 3078 οὐχὶ
474 3008 625 3076 παρὰ
662 3006 755 3057 τοῦ
789 3004 929 3057 κατά
963 3003 1185 3070 καιροὺς
1220 2999 1557 3070 πατριάρχου
1592 3000 1877 3052 Κωνστανα

323 3099 646 3153 τινουπόλεω
667 3118 697 3160 ο,
720 3094 898 3155 καθὼς
928 3095 1130 3160 γίνεται
1157 3093 1413 3162 σήμερον,
1440 3091 1602 3160 φησὶν
1640 3092 1668 3142 ὁ
1698 3089 1876 3146 κανὼν

323 3192 436 3253 ὅτι,
476 3191 569 3243 ἐὰν
606 3186 770 3257 μέλλῃ
806 3185 1074 3255 προϐῆναι
1122 3182 1299 3254 ψῆφος
1330 3181 1764 3253 μητροπολίτου,
1812 3182 1872 3233 οὐ
1898 3201 1944 3263 C

321 3284 603 3350 γενήσεται
636 3279 782 3347 παρά
816 3275 990 3344 μόνων
1017 3274 1124 3327 τῶν
1151 3275 1506 3345 ὲπαρχιωτῶν
1531 3273 1875 3327 ἐπισκόπων⁸

321 3372 455 3427 ἀλλὰ
510 3371 612 3442 χρὴ
670 3367 1085 3439 μετακαλεῶθαι
1136 3368 1229 3420 καὶ
1276 3367 1494 3437 ἐτέρους
1546 3365 1876 3427 ἐπισκόπους

324 3468 745 3537 πλησιοχώρους,
778 3465 990 3526 πάντως
1021 3463 1108 3516 διὰ
1134 3463 1196 3516 τὸ
1239 3462 1522 3531 μεγαλεῖον
1552 3460 1644 3514 τοῦ
1678 3476 1878 3529 μητρο-

319 3558 553 3621 πολίτου,
600 3557 657 3609 ὂν
700 3558 791 3610 καὶ
836 3556 1059 3626 ἔξαρχον
1104 3553 1366 3622 ἐπαρχίας
1407 3553 1679 3620 ὀνομάζει.
1722 3550 1878 3603 Οὕτω

319 3653 427 3721 γὰρ
472 3651 644 3718 πάντη
683 3648 988 3708 ἀνύποπτος
1024 3644 1177 3697 ἔσται
1224 3645 1257 3713 ἢ
1309 3643 1495 3695 τούτου
1543 3643 1739 3712 ψῆφος,
1800 3644 1876 3706 ὡς

320 3743 470 3813 παρά
516 3741 774 3793 πλειόνων
811 3738 1106 3807 ἀρχιερέων
1138 3734 1424 3803 γενομένη.
1469 3734 1592 3787 Ὀτι
1619 3734 1675 3787 δὲ
1703 3733 1877 3803 ψηφι-

320 3835 560 3903 ζομένων
597 3832 907 3882 ἐπισκόπων
949 3826 1218 3878 ταπεινῶν
1268 3827 1345 3887 εἰς
1386 3841 1538 3886 τινας
1588 3825 1876 3895 παροικίας

319 3925 572 3987 εὐτελεῖς,
604 3925 660 3974 ὲν
696 3915 781 3982 αἷς
820 3918 1076 3979 πολλάκις
1109 3916 1229 3969 οὐδὲ
1264 3912 1402 3985 ἦσαν
1430 3915 1713 3968 ἐπίσκοποι
1735 3956 1749 3981 ,
1784 3918 1875 3968 καὶ

319 4016 457 4083 πεζῇ
493 4010 835 4081 βαδιζόντων,
865 4009 956 4059 καὶ
986 4006 1158 4067 ἄλλως
1183 4004 1350 4057 ὄντων
1381 4005 1873 4074 καταπεφρονημέ-

321 4125 445 4170 νων,
491 4107 550 4157 τὸ
595 4105 689 4170 τῆς
732 4101 1135 4170 ἀρχιερωσύνης
1192 4090 1407 4166 ἀξίωμα
1454 4098 1870 4169 περιυϐρίζετο·

318 4198 522 4267 ὥρισαν
575 4197 620 4246 οἱ
666 4195 901 4261 ΙΙατὲρες
958 4190 1029 4261 μὴ
1069 4188 1426 4242 καθίστασθαι
1474 4190 1768 4243 ἐπίσκοπον
1817 4190 1875 4243 ἐν

321 4292 482 4359 κώμῃ
524 4287 556 4357 ἢ
592 4288 647 4337 ἐν
704 4285 885 4354 χωρίῳ
925 4282 1047 4351 ἢέν
1101 4281 1253 4332 πόλει
1306 4279 1556 4349 βραχείᾳ,
1613 4274 1732 4351 ἐνῇ
1778 4280 1874 4331 καὶ

320 4376 397 4443 εἷς
448 4380 622 4449 ἱερεὺς
676 4376 925 4446 ἐπαρκεῖ,
988 4373 1075 4425 ἵνα
1132 4371 1206 4442 μὴ
1258 4370 1655 4438 ἐξευτελίζηται
1702 4372 1735 4438 ἡ
1781 4373 1876 4422 αὑ-

321 4475 500 4525 θεντία
534 4473 631 4539 τῆς
670 4468 1103 4539 ἀρχιερωσύνης
1146 4463 1259 4515 ἀλλ’
1293 4464 1372 4526 είς
1402 4462 1609 4521 ἐκείνας
1642 4462 1741 4524 τὰς
1775 4468 1874 4515 πό-

1412 413 1492 475 IN
1529 413 1694 474 CAN.
1736 410 1813 472 Vl
1841 408 2051 468 CONC.
2105 407 2398 469 SARDIC.

3400 405 3535 470 1446

2057 538 2077 571 ι
2111 530 2233 587 patu
2272 522 2429 587 digna
2450 518 2735 587 iudicetur,
2770 520 3022 589 accipiat.
3046 521 3127 574 An
3156 520 3256 573 boe
3286 520 3543 575 omnibus.

2072 630 2087 662 ι
2118 611 2332 681 placet?
2361 610 2777 680 Responderunt
2798 626 2983 666 omnes
3004 653 3019 679 ,
3057 610 3260 665 Placet.
3286 630 3304 662 ι

2050 1068 2239 1124 BALS.
2269 1070 2399 1124 Cum
2436 1085 2608 1125 canon
2636 1072 2701 1124 12
2749 1072 3064 1139 Laodicenis:
3127 1074 3315 1145 synodi
3357 1084 3409 1129 et
3442 1076 3536 1129 alii

1979 1165 2279 1217 decernant
2303 1166 2417 1217 ﬁeri
2446 1166 2814 1233 episcoporum
2847 1166 3157 1232 electiones,
3196 1183 3298 1220 non
3331 1185 3357 1219 a
3403 1169 3537 1220 mul-

1979 1255 2206 1308 titudine
2247 1257 2547 1320 civitatum,
2575 1258 2666 1310 sed
2689 1261 2753 1309 ab
2785 1258 3147 1320 antistitibus,
3182 1273 3414 1325 praesens
3446 1274 3543 1311 ca-

1980 1364 2081 1401 non
2110 1348 2316 1411 statuit,
2352 1349 2493 1416 quod
2519 1348 2561 1401 si
2595 1349 2882 1418 cnntigerit
2911 1366 2974 1403 ex
3006 1350 3275 1419 episcopis
3320 1354 3542 1419 provinc

1979 1437 2075 1490 cia:
2097 1438 2326 1505 aliquem
2380 1455 2541 1491 unum
2596 1439 2917 1504 abesse,-et
2979 1441 3118 1495 nolle
3174 1456 3295 1494 cum
3360 1441 3537 1510 populi

1982 1528 2327 1583 multitudine
2354 1531 2666 1595 convenire,
2700 1540 2754 1584 ut
2788 1532 2877 1585 fiat
2905 1532 3095 1585 electio
3151 1535 3394 1586 vacantis
3441 1549 3538 1588 ec-

1979 1620 2156 1674 clesim
2179 1661 2193 1686 ,
2222 1621 2458 1675 civitatis
2485 1636 2662 1675 autem
2696 1624 2922 1691 populus
2958 1635 3164 1687 miserat
3202 1627 3535 1680 antistitem:

1980 1711 2143 1764 debet
2189 1713 2453 1764 exarcbus
2528 1712 2839 1781 provincia},
2890 1713 3004 1764 sive
3066 1713 3540 1780 metr0p01itauus.

1982 1804 2141 1855 etiam
2187 1803 2457 1855 absentem
2515 1804 2822 1871 episcopum
2865 1803 3064 1857 litteris
3120 1818 3425 1868 accersere,
3479 1813 3542 1857 ut

1989 1894 2082 1948 ﬁat
2102 1894 2337 1962 episcopi
2367 1895 2683 1947 constitutio
2713 1894 2780 1946 ab
2802 1895 3047 1947 oumibus
3101 1895 3536 1961 provincialibus,

1985 1994 2043 2038 ut
2074 1985 2187 2037 vult
2211 1983 2650 2051 cauontprima:
2674 1983 2893 2053 synodi.
2954 1982 3008 2038 Si
3062 1984 3107 2038 is
3166 1994 3343 2038 autem
3404 1970 3555 2038 nolit.

1983 2072 2192 2137 adesse,
2225 2088 2324 2127 nec
2342 2087 2434 2141 per
2459 2073 2781 2140 rescriptum
2808 2074 3158 2137 assentiatur,
3190 2074 3282 2127 [lat
3324 2075 3537 2137 electio,

1982 2174 2040 2218 ut
2069 2167 2261 2233 pepulo
2318 2164 2490 2217 visum
2542 2163 2725 2228 fuerit,
2784 2164 3197 2231 provincialium
3253 2166 3538 2234 episcopo-

1979 2272 2135 2311 rum:
2174 2268 2350 2324 neque
2388 2257 2553 2321 enim,
2598 2257 2685 2325 qui
2724 2257 2897 2319 abest,
2931 2259 3291 2328 ignorantiam
3339 2259 3537 2327 allega-

1980 2347 2060 2402 bit
2091 2348 2171 2401 vel
2199 2348 2278 2401 sui
2330 2355 2724 2415 contemptum,
2781 2353 2920 2417 quod
2983 2350 3193 2403 scilicet
3248 2365 3277 2403 a
3331 2353 3538 2419 synodo

1984 2447 2203 2491 vocatus
2259 2453 2361 2491 non
2420 2438 2672 2492 adfuerit.
2726 2438 2859 2493 Cum
2912 2440 3025 2495 bace
3084 2454 3257 2495 canon
3318 2442 3537 2497 statuis-

1978 2540 2059 2585 set
2079 2531 2143 2583 de
2171 2520 2435 2585 electione
2488 2532 2729 2586 vacantis
2756 2532 3016 2599 ecelesim,
3050 2533 3173 2601 quia
3209 2541 3336 2587 aute
3393 2535 3538 2588 vice-

1978 2621 2170 2674 simum
2234 2628 2477 2673 octavum
2520 2637 2781 2677 canonem
2837 2622 3299 2677 Chalcedonensis
3341 2624 3531 2693 synodi

1979 2710 2378 2778 metropolitani
2412 2711 2619 2769 ﬁebant
2651 2713 2716 2764 ab
2746 2713 3029 2781 episcopis,
3078 2723 3132 2765 et
3188 2729 3290 2766 non
3323 2729 3350 2763 a
3388 2714 3532 2768 Cou-

1976 2801 2452 2871 stautiuopolitano
2512 2817 2610 2868 pro
2647 2812 2886 2869 tempore
2918 2802 3247 2871 patriarcha,
3308 2814 3364 2857 ut
3393 2820 3539 2859 nunc

1979 2893 2036 2946 [it
2063 2911 2078 2959 ;
2110 2894 2236 2948 dicit
2259 2910 2452 2959 canon,
2483 2896 2626 2961 quod
2660 2895 2704 2947 si
2733 2896 2801 2947 sit
2841 2911 3163 2961 processura
3184 2897 3378 2949 electio
3424 2913 3537 2949 mc-

1976 2986 2311 3056 tropolitani,
2346 3002 2451 3040 non
2484 2990 2577 3039 iiat
2609 3001 2637 3039 a
2681 2987 2810 3040 solis
2846 2987 3270 3054 provincialibus
3323 2991 3538 3053 epist-o-

1976 3079 2096 3147 pis;
2135 3081 2229 3132 sed
2261 3080 2423 3132 etiam
2466 3078 2690 3132 omnino
2725 3080 2928 3131 accersi
2985 3087 3197 3145 oportet
3251 3078 3536 3146 episcopos

1976 3169 2275 3223 vicinarum
2305 3169 2603 3237 regionum,
2642 3174 2859 3237 propter
2896 3168 3296 3236 metropolitani
3331 3171 3536 3238 magni-

1981 3261 2237 3323 tudinem,
2271 3274 2426 3327 quem
2456 3258 2618 3313 etiatu
2665 3257 2955 3314 exarchum
3011 3259 3301 3327 provinciae
3358 3261 3535 3314 nomi-

1981 3362 2090 3410 nat.
2121 3350 2214 3406 Sic
2244 3352 2390 3405 enim
2417 3352 2484 3407 ab
2509 3352 2653 3404 omni
2684 3351 2819 3403 mala
2852 3353 3159 3418 suspicione
3212 3351 3376 3405 libera
3434 3352 3539 3405 erit

1977 3442 2193 3507 electio,
2226 3444 2421 3510 uthua:
2444 3456 2471 3495 a
2500 3441 2740 3510 pluribus
2763 3442 3092 3495 antistitibus
3119 3440 3255 3495 facta
3280 3442 3369 3495 sit.
3401 3443 3535 3507 Quia

1980 3542 2159 3587 autem
2197 3534 2390 3587 vilibus
2417 3532 2603 3588 electis
2632 3533 2899 3603 episcopis
2934 3533 2985 3585 iu
3014 3534 3195 3602 parvis
3224 3534 3531 3603 vilibusque

1979 3626 2250 3693 parmciis,
2275 3626 2324 3677 iu
2357 3627 2555 3693 quibus
2579 3641 2719 3694 saepe
2749 3641 2817 3680 ne
2851 3635 3007 3679 erant
3034 3626 3245 3693 quidem
3277 3627 3534 3695 episcopi,

1977 3715 2068 3786 qui
2102 3727 2154 3769 et
2179 3715 2401 3783 pedibus
2438 3718 2781 3780 incedebant,
2845 3727 2899 3772 et
2958 3726 3113 3772 erant
3152 3718 3350 3787 alioqui
3398 3734 3533 3771 σου.

1978 3809 2192 3878 tempti,
2224 3808 2548 3875 epiSt‘Opalis
2613 3808 2850 3877 dignitas
2907 3809 3232 3863 contumelia
3270 3804 3537 3864 ameicba-

1979 3910 2106 3966 tur;
2141 3909 2450 3955 statuerunt
2478 3898 2684 3966 Patres,
2726 3916 2792 3953 ne
2839 3902 3202 3955 constituatur
3247 3903 3535 3970 episcopus

1981 3995 2033 4046 in
2064 3994 2340 4057 vico,sive
2372 3994 2423 4045 in
2479 4009 2635 4061 pago,
2673 3993 2755 4045 vel
2807 3992 2859 4047 in
2896 3992 3087 4061 exiguo
3141 3993 3419 4060 oppidulo,
3480 3995 3530 4045 ii.

1980 4102 2084 4153 quo
2120 4087 2199 4138 vel
2233 4102 2367 4137 unus
2399 4085 2655 4139 sacerdos
2687 4084 2913 4150 sullicit;
2977 4102 3042 4139 ne
3084 4085 3407 4153 episc0palis
3454 4085 3531 4137 di-

1979 4178 2155 4244 gnitas
2181 4176 2576 4245 vilipendatur:
2609 4178 2701 4229 sed
2731 4176 2782 4229 in
2818 4177 2922 4230 illis
2942 4176 3163 4230 urbibus
3193 4177 3535 4231 constituan-

1981 4281 2066 4324 tur
2097 4269 2356 4338 episcopi,
2417 4284 2534 4337 que
2597 4270 2905 4322 hominibus
2952 4269 3247 4334 abundant,
3305 4280 3361 4320 et
3414 4284 3534 4336 quae

1974 4362 2084 4430 jam
2112 4362 2235 4414 olim
2274 4362 2470 4414 habent
2510 4361 2811 4429 episcopos.
2844 4360 3115 4427 Tanquam
3152 4369 3327 4412 autem
3356 4358 3533 4411 dixis-

1979 4453 2621 4523 setquispiam,iniquum
2657 4468 2779 4506 esse
2827 4451 3015 4506 urbem
3059 4451 3257 4519 populo
3291 4451 3533 4516 frequen-

319 4565 429 4627 λεις
474 4564 801 4621 ἐπισκόπους
858 4556 1213 4610 καθίστασθαι
1256 4556 1349 4616 τὰς
1392 4551 1869 4622 πολυανθρώπους,

1979 4561 2082 4601 tem
2117 4562 2217 4600 non
2252 4545 2447 4598 habere
2479 4544 2799 4608 antistitem,
2836 4559 2901 4596 eo
2935 4540 3075 4611 quod
3114 4543 3222 4610 jam
3263 4542 3388 4593 olim
3417 4539 3534 4609 epi-

321 4657 415 4716 τάς
443 4654 549 4705 ἀπὸ
579 4650 808 4702 παλαιοὺ
837 4650 1066 4717 ἐχούσας
1091 4647 1381 4717 ἀρχιερεῖς.
1423 4645 1509 4705 Ὠς
1539 4644 1595 4695 δέ
1623 4662 1765 4706 τινος
1797 4647 1875 4697 εί-

320 4747 510 4804 πόντος
562 4740 740 4793 ἄδικον
774 4736 908 4790 εἶναι
939 4739 997 4788 τὸ
1041 4736 1113 4807 μὴ
1148 4737 1289 4805 ἔχειν
1330 4736 1427 4803 τὴν
1458 4734 1876 4805 πολυάνθρωπον

322 4831 473 4882 πόλιν
507 4827 766 4897 ἀρχιερέα
788 4867 801 4888 ,
835 4824 921 4877 διὰ
954 4825 1010 4875 τὸ
1045 4829 1117 4894 μὴ
1148 4826 1209 4875 ὲκ
1243 4823 1471 4877 παλαιοῦ
1517 4823 1875 4876 καθίστασθαι

320 4908 612 4977 ἐπίσκοπον
644 4919 700 4968 ὲν
727 4918 887 4984 αὐτῇ,
920 4910 1071 4966 εἷπον
1100 4917 1148 4969 οί
1185 4916 1422 4985 Πατέρες
1449 4917 1505 4966 ὲν
1529 4915 1752 4986 τοιαύτῃ
1782 4919 1878 4967 πό·

318 5018 398 5068 λει
443 5017 534 5069 καὶ
585 5012 649 5064 ἐκ
679 5011 797 5062 νέου
842 5007 1197 5059 καθίστασθαι
1224 5007 1539 5061 ἐπίσκοπον.
1572 5005 1671 5059 Καὶ
1706 5006 1878 5059 ταῦτα

321 5108 418 5176 μὲν
462 5105 620 5158 οὕτω.
650 5105 719 5155 Συ
750 5100 804 5154 δὲ
834 5099 1134 5169 σημείωσαι
1178 5098 1272 5153 καὶ
1308 5098 1414 5149 ἀπὸ
1470 5099 1733 5166 παρόντος
1781 5096 1876 5149 τοῦ

320 5198 482 5250 κανόν
515 5214 561 5259 ς,
596 5197 675 5247 ὅτι
708 5194 908 5262 ἀκυρός
945 5194 1092 5244 ἐστιν
1125 5190 1158 5257 ἡ
1189 5188 1362 5257 ψῆφος
1394 5186 1483 5243 τοῦ
1514 5188 1812 5242 ἐπισκόπου
1841 5189 1874 5257 ή

319 5291 578 5360 γινομένη
615 5289 780 5356 χωρὶς
831 5284 1131 5354 παρουσίας
1175 5280 1209 5352 ἢ
1257 5280 1609 5340 συναινέσεως
1662 5280 1877 5331 πάντων

318 5385 425 5435 τῶν
470 5380 844 5450 ὲπαρχιωτῶν.
894 5378 998 5429 Καὶ
1025 5376 1119 5429 ἕνα
1146 5375 1253 5443 γὰρ
1284 5375 1346 5426 ὲκ
1372 5370 1575 5427 τούτων
1600 5371 1877 5440 ἀπόδημον

318 5476 444 5527 ὄντα
482 5471 900 5543 μετακαλεῖσθαι
933 5470 961 5521 6
994 5467 1177 5523 κανὼν
1207 5464 1522 5536 διωρίσατο.
1559 5464 1668 5517 Καὶ
1695 5465 1757 5515 οὐ
1788 5462 1878 5514 δύ-

319 5565 473 5620 ναταί
506 5581 585 5626 τις
611 5565 786 5629 λέγειν
816 5562 910 5625 ὡς,
936 5562 1057 5613 ἐπεὶ
1087 5562 1119 5628 ἡ
1145 5558 1252 5611 τῶν
1281 5557 1540 5611 πλειόνων
1568 5556 1744 5625 ψῆφος
1779 5555 1878 5620 ἀρ-

321 5661 435 5722 κεῖ,
465 5660 498 5726 ή
531 5654 627 5707 τοῦ
657 5653 771 5715 ἑνὸς
801 5652 1037 5706 ἀπουσία
1065 5653 1124 5703 οὐ
1158 5649 1583 5720 προκριματίσει
1602 5687 1618 5711 ,
1650 5645 1753 5699 κᾶν
1785 5646 1880 5697 καὶ

319 5751 529 5801 ἐναντία
575 5744 826 5817 ἡγνώμη
856 5743 1049 5801 τούτου
1097 5742 1234 5795 ἐστί.
1282 5740 1381 5791 Διά
1432 5738 1538 5806 γὰρ
1581 5736 1757 5799 τοῦτο,
1805 5735 1879 5797 ὡς

322 5841 483 5902 ἔοικε,
529 5835 953 5901 μετακαλοῦνται
1004 5834 1202 5895 πάντες
1253 5833 1302 5885 οἱ
1348 5829 1700 5895 ἐνδημοῦντες
1738 5826 1879 5879 κατά

1979 4652 2171 4705 Scopus
2197 4637 2248 4687 in
2273 4650 2333 4688 ea
2367 4650 2472 4689 non
2510 4635 2909 4698 constituatur;
2952 4630 3269 4699 adjeterunt
3317 4629 3532 4695 Patres,

1980 4728 2033 4780 in
2067 4727 2368 4796 bujusmodi
2394 4726 2611 4779 civitate
2640 4726 2802 4778 etiam
2835 4723 2899 4777 de
2934 4737 3071 4776 novo
3098 4721 3349 4775 constitui
3378 4735 3537 4788 posse
3622 4757 3628 4762 -

1981 4822 2315 4889 episc0puin.
2345 4819 2504 4890 49],
2541 4816 2604 4871 Ει
2633 4818 2747 4871 haec
2777 4817 2995 4886 quidem
3053 4816 3153 4869 sic.
3215 4813 3291 4865 'l‘u
3356 4822 3534 4867 autem

1980 4923 2106 4969 nota
2137 4916 2300 4968 etiam
2348 4930 2415 4966 ex
2477 4916 2577 4965 linc
2628 4910 2879 4979 prtesenti
2934 4925 3162 4975 canone,
3192 4912 3333 4975 quod
3383 4906 3535 4959 irrita

1977 5014 2058 5061 est
2078 5006 2269 5059 electio
2298 5004 2559 5073 epiSC‘0pi,
2592 5018 2708 5071 quae
2736 5001 2793 5058 ﬁt
2821 5002 2942 5056 sine
2972 5000 3256 5069 praesentia
3294 4999 3375 5052 vel
3409 5012 3537 5051 con-

1980 5109 2141 5149 sensu
2169 5093 2406 5146 omnium
2434 5092 2875 5160 provincialium.
2932 5089 3062 5142 Nam
3101 5088 3184 5141 vel
3239 5103 3402 5140 unum
3467 5101 3537 5139 ex

1980 5185 2066 5248 iis,
2097 5185 2418 5252 quiaberat,
2454 5185 2658 5236 accersi
2694 5182 2851 5249 jubet
2879 5197 3074 5235 canon.
3119 5180 3181 5232 Et
3208 5193 3310 5232 non
3355 5187 3533 5246 potest

1978 5275 2243 5345 quispiam
2293 5274 2474 5329 dicere
2519 5274 2684 5342 quod.
2740 5272 2995 5343 quoniam
3056 5272 3289 5340 plurium
3354 5269 3533 5323 valent

1980 5368 2256 5437 suilragia,
2285 5367 2447 5421 unius
2489 5366 2732 5421 absentia
2760 5382 2867 5420 non
2917 5368 3071 5418 atl‘ert
3123 5361 3522 5430 praejudiciuut,

1979 5458 2190 5514 etiamsi
2246 5440 2521 5512 contraria
2588 5468 2673 5512 est
2729 5459 2842 5522 ejus
2905 5456 3193 5509 sententia.
3243 5453 3535 5519 Propterea

1981 5551 2144 5614 enim,
2200 5557 2259 5602 ut
2306 5557 2390 5603 est
2436 5560 2883 5610 consentaneum,
2944 5556 3292 5600 accersantur
3346 5558 3532 5595 omnes

1981 5643 2071 5712 qui
2113 5643 2165 5693 in
2200 5642 2419 5708 regione
2451 5640 2646 5694 adsunt
2710 5641 2761 5693 in
2826 5640 2963 5692 lianc
3018 5636 3234 5691 urbium
3291 5635 3529 5703 reginam

1980 5732 2272 5794 antistites,
2299 5730 2514 5800 quando
2540 5729 2699 5783 debet
2733 5728 2960 5795 alicujus
3001 5726 3239 5783 ecclesia:
3268 5724 3382 5777 ﬁeri
3427 5722 3533 5777 ele-

1982 5825 2111 5888 otio,
2150 5834 2202 5877 et
2233 5836 2352 5876 eam
2378 5819 2537 5873 unius
2591 5820 2831 5873 absentia
2883 5820 3127 5874 impedit.
3181 5818 3317 5871 Cum
3352 5825 3527 5867 autent
