4052 6396
397 358 530 423 1449
1506 358 1586 418 ΙΝ
1618 356 1780 418 CAN.
1827 302 1944 417 VI;

2048 353 2203 415 DNC.
2261 353 2554 419 SARDIC.
3208 412 3216 419 .
3504 356 3639 419 1450
3696 378 3697 383 π

391 475 627 543 γίνεται,
656 472 769 527 ἀλλ’
796 464 880 535 οἷς
906 471 941 540 ἠ
986 472 1288 542 χειροτονία
1333 470 1443 525 τῶν
1476 470 1793 524 ἐπισκόπων
1824 471 1946 523 ἁπο-

2063 467 2203 520 ratio
2238 475 2341 531 est,
2371 474 2429 521 et
2466 465 2538 520 ab
2573 464 2661 531 iis,
2706 464 2905 535 quibus
2952 464 3241 537 episcopos
3281 466 3499 521 creandi
3551 467 3636 533 jus

385 565 701 637 νενέμηται,
732 565 931 618 ἐκεῖνοι
958 563 1045 617 διὰ
1075 563 1182 617 τῶν
1217 562 1531 617 ἐπισκόπων
1557 563 1656 631 τῆς
1684 560 1946 630 ἐπαρχίας

2060 567 2164 622 est,
2195 558 2389 614 sumini
2426 573 2642 627 quoque
2690 556 3004 614 sacerdotes
3050 575 3147 628 per
3193 561 3475 629 episcopos
3510 576 3633 629 pro.

389 657 718 727 ψηφίξονται
768 657 897 721 τοὺς
928 655 1227 725 ἀρχιερεῖς.
1279 654 1438 725 Ἑξῆς
1476 654 1536 707 δὲ
1563 654 1591 706 6
1637 652 1814 706 κανὼν
1842 652 1946 707 δια-

2060 650 2250 705 νίηοῑω
2273 649 2604 720 deliguntur.
2638 649 2694 703 ln
2720 649 2787 703 iis
2821 667 2982 721 porro
3004 666 3124 722 quae
3151 660 3474 721 sequuntur,
3503 667 3634 713 con-

383 750 638 802 τάττεται
688 746 764 818 μή
814 746 1062 815 γίνεσθαι
1120 745 1420 798 ἐπίσκοπον
1466 744 1525 796 ὲν
1561 741 1723 813 κώμῃ
1772 741 1880 794 τινὶ
1921 741 1946 810 ᾗ

2059 743 2209 797 stitui
2251 744 2561 811 episcopum
2595 744 2648 795 in
2677 743 2871 813 oppido
2899 746 3151 815 quopiam
3178 784 3195 808 ,
3218 744 3422 800 'exilive
3474 748 3635 809 urbe,

383 838 535 893 πόλει
579 839 771 909 μικρᾷ,
811 832 973 913 ᾗκαλ⁸
1026 831 1109 899 εἷς
1162 835 1536 907 πρεσϐύτερος
1581 834 1769 904 ἀρκεῖ·
1802 832 1832 886 ὃ
1860 832 1946 886 καὶ

2058 833 2148 889 cui
2175 833 2260 887 vel
2286 848 2427 889 unus
2460 831 2740 902 presbyter
2777 833 3104 889 suffecturus
3139 836 3230 913 sit,
3261 850 3435 889 canon
3468 845 3634 890 vetat.

350 912 412 983 ⁷ὁ
447 929 523 994 νζ¹
550 928 732 984 κανὼν
779 929 881 999 τῆς
934 930 993 983 ἐν
1037 928 1330 999 Λαοδικείᾳ
1376 926 1593 981 συνόδου
1639 924 1953 995 διωρίσατο.

389 1022 720 1093 Προστίθησι
775 1022 833 1077 δὲ
882 1023 912 1076 6
969 1020 1149 1076 κανὼν
1198 1014 1355 1085 οὗτος
1391 1020 1473 1074 ὅτι
1525 1020 1625 1074 ούκ
1656 1018 1956 1087 ἀναγκαῖόν

387 1117 535 1167 ἐστιν
567 1114 865 1175 ἐπίσκοπον
894 1113 1015 1166 ἐκεῖ
1039 1112 1422 1176 καθίστασθαι,
1446 1112 1523 1175 ὡς
1550 1111 1617 1166 ἂν
1651 1111 1727 1180 μὴ
1758 1127 1956 1163 κατευ-

379 1207 661 1275 τελίξηται
680 1207 752 1273 ,τὸ
777 1205 948 1275 ὄνομα
980 1204 1078 1258 καὶ
1109 1206 1144 1273 ἡ
1179 1203 1442 1260 αὐθεντία
1480 1202 1576 1257 τοῦ
1603 1202 1945 1256 ἐπισκόπουο

382 1299 496 1352 ἀλλ’
526 1300 576 1351 oi
602 1298 702 1368 τῆς
730 1296 1004 1369 ἐπαρχίας
1044 1296 1253 1368 πρῶτοι
1286 1296 1601 1357 ἐπίσκοποι,
1635 1295 1687 1347 οἱ
1739 1309 1945 1364 μητρο-
2005 1375 2009 1380 “

382 1392 597 1445 πολῖται
619 1391 842 1461 δηλαδὴ,
864 1393 1062 1443 ἐκεῖνοι
1088 1388 1363 1458 ὀφείλουσι
1387 1390 1560 1442 ποιεῖν
1590 1386 1951 1451 ἐπισκόπους,

379 1486 514 1538 ὃπου
559 1484 655 1538 καὶ
693 1483 980 1553 πρότερον,
1016 1482 1186 1553 ἧγουν
1235 1483 1301 1534 ἐκ
1344 1479 1606 1544 παλαιοῦ,
1647 1475 1790 1551 ἦσαν
1826 1478 1951 1531 ἐπί-ν

381 1594 597 1631 σκοποι.
631 1574 694 1628 Εί
720 1576 777 1628 δέ
810 1591 915 1638 τις,
960 1576 1117 1644 φησὶ,
1163 1573 1319 1637 πόλις
1346 1574 1611 1644 πρότερον
1646 1571 1722 1643 μὴ
1749 1571 1951 1643 ἔχουσα

381 1669 587 1739 πλῆθος
636 1668 771 1722 πολὺ
803 1668 1065 1732 πολιτῶν,
1100 1667 1413 1740 εὑρίσκοιτο
1462 1664 1604 1737 μετὰ
1635 1665 1812 1719 ταῦτα
1851 1680 1947 1734 γε·

2055 925 2221 998 5.92
2253 925 2409 991 Quod
2441 925 2661 996 quidem
2697 924 3012 980 Laodicena:
3050 942 3265 997 quoque
3315 926 3508 996 synodi
3532 926 3635 992 lse-

2057 1020 2229 1089 ptitno
2251 1028 2305 1073 et
2332 1018 2782 1089 quinquagesimo
2807 1034 3013 1075 canone
3036 1019 3313 1074 definitum
3334 1018 3452 1072 fuit.
3471 1017 3634 1071 Addit

2056 1126 2187 1166 vero
2218 1112 2307 1165 bic
2339 1126 2511 1166 canon
2555 1121 2840 1179 praeterea,
2894 1128 3002 1167 non
3054 1127 3175 1166 esse
3226 1127 3447 1166 necesse
3476 1112 3532 1166 in
3567 1111 3634 1166 iis

2055 1201 2194 1258 locis
2221 1203 2536 1273 episcopum
2581 1204 2876 1269 constitui,
2909 1219 2976 1259 ne
3007 1206 3218 1260 scilicet
3246 1205 3482 1275 episcopi
3533 1220 3633 1259 no-

2056 1309 2180 1351 men
2224 1310 2289 1350 ac
2319 1298 2613 1352 auctoritas
2661 1296 2819 1350 facile
2852 1296 3115 1351 vilescat:
3148 1312 3332 1352 verum
3384 1313 3413 1349 a
3442 1298 3632 1367 primis

2054 1389 2351 1458 provincia:
2381 1389 2674 1460 episcopis,
2710 1390 2961 1445 videlicet
2995 1406 3024 1443 a
3076 1390 3523 1460 metr0politanis,
3575 1391 3628 1445 in
3652 1415 3664 1429 -

2053 1479 2124 1535 iis
2154 1486 2366 1535 tantum
2398 1481 2555 1547 locis,
2598 1482 2689 1537 ubi
2721 1482 2890 1538 etiam
2918 1482 3092 1552 prius,
3125 1484 3228 1540 hoc
3256 1494 3360 1548 est,
3392 1486 3461 1539 ab
3494 1485 3632 1540 anti-

2053 1587 2162 1642 quo
2188 1582 2429 1644 tempore
2456 1573 2696 1641 fuerant,
2740 1576 2981 1646 episcopi
3028 1577 3285 1632 collocari
3317 1578 3537 1635 debent.
3567 1579 3627 1634 Si

2053 1673 2232 1721 tamen
2264 1668 2479 1733 urbem,
2508 1669 2703 1736 inquit,
2736 1683 2843 1723 non
2880 1669 2951 1723 ita
2992 1668 3285 1736 celebrem,
3316 1685 3442 1725 mox
3476 1672 3630 1725 inco-

378 1760 579 1831 νομένη
629 1758 1015 1830 πολυπληθὴς,
1059 1758 1135 1822 ὡς
1196 1758 1356 1827 ἀξίαν
1408 1756 1578 1829 αὐτὴν
1618 1756 1946 1827 νομισθῆναι

2048 1756 2224 1812 larum
2285 1774 2514 1814 numero
2574 1759 2903 1829 frequentari
2952 1762 3252 1833 contingat,
3285 1775 3345 1817 ut
3367 1763 3478 1829 iam
3505 1756 3629 1818 ain-

379 1851 685 1921 ἐπισκοπῆς
735 1850 825 1905 διὰ
878 1850 940 1904 τὸ
992 1849 1191 1924 πλῆθος
1251 1846 1346 1901 τοῦ
1406 1846 1561 1912 λαοῦ,
1611 1844 1944 1917 λαμϐανέτω

2048 1847 2280 1917 pliﬁcata
2318 1850 2617 1919 frequentia
2643 1851 2897 1921 episcopo
2947 1852 3105 1921 digna
3154 1854 3308 1909 sedes
3331 1855 3624 1924 iudicetur;

376 1943 696 2010 ἐπίσκοπον,
729 1944 832 1998 κᾶν
861 1942 939 2015 μὴ
975 1944 1041 1997 ἐκ
1067 1918 1300 1998 παλαιοῦ
1329 1935 1498 2011 εἶχεν.

374 2130 596 2185 ΑΡΙΣΤ.
630 2149 650 2183 ι
686 2130 772 2197 Ei,
806 2129 914 2185 τῶν
938 2128 1085 2183 λαῶν
1128 2126 1561 2198 ἐπικομιζόντων
1619 2125 1941 2189 ἐπίσκοπον,

452 2242 471 2276 ι
508 2224 558 2275 οί
586 2224 876 2277 ἐπίσκοποι
922 2212 1519 2290 παρουσιάσουσιν,,εἷς
1552 2215 1610 2269 δέ
1641 2234 1726 2279 τις
1750 2214 1940 2286 λείπῃ,

446 2331 469 2366 c
513 2314 926 2384 προσκαλείσθω
954 2314 1225 2375 κάκεῖνος.
1255 2312 1315 2364 El
1347 2311 1405 2371 δὲ
1431 2308 1942 2379 προσκαλούμενος,

455 2421 474 2455 ι
511 2403 635 2456 οὔτε
670 2403 924 2472 γράφειν,
955 2401 1079 2455 οὔτε
1107 2401 1360 2473 ἐνδημεῖν
1386 2400 1650 2471 βούλοιτο,
1685 2401 1714 2453 6
1746 2400 1947 2470 ζητού·

454 2514 473 2547 ι
516 2512 675 2565 μενος
709 2494 1149 2565 χειροτονείσθω.
1186 2512 1205 2545 ι

451 2586 622 2640 Τοῦτο
650 2587 745 2657 νῷν
770 2589 872 2640 οὐκ
901 2588 1231 2659 ἐνεργεῖται,
1265 2587 1326 2641 τδ
1354 2587 1502 2657 παρὰ
1531 2588 1638 2640 τῶν
1665 2586 1947 2657 κληρικῶν

372 2682 467 2734 καὶ
496 2680 607 2735 τῶν
631 2680 865 2751 πρώτων
909 2680 1009 2748 τῆς
1061 2678 1275 2741 πόλεως
1304 2680 1404 2742 τὰς
1426 2678 1645 2747 ψήφους
1677 2679 1785 2731 τῶν
1827 2680 1946 2730 ἐπισ

371 2775 591 2828 σκόπων
654 2772 924 2841 γίνεσθαι,
977 2771 1116 2825 ἀλλὰ
1172 2772 1325 2842 παρὰ
1381 2769 1800 2842 μητροπολιτῶν
1850 2771 1948 2823 καὶ

372 2867 687 2919 ἐπισκόπων
738 2859 901 2919 αὗται
949 2863 1377 2933 προϐαίνουσινο
1428 2863 1506 2927 ὼς
1559 2865 1588 2917 6
1636 2862 1943 2925 δωδέκατος

369 2957 550 3010 κανὼν
582 2958 679 3025 τῆς
707 2958 765 3007 ἐν
789 2956 1083 3026 Λαοδικείᾳ.
1130 2955 1352 3008 συνόδου
1386 2955 1757 3020 διατάττεται,
1793 2957 1889 3006 καὶ
1915 2956 1944 3005 6

372 3049 852 3109 ἐννεακαιδέκατος
872 3049 969 3116 τῆς
999 3049 1056 3099 ἐν
1088 3046 1414 3115 Ἀντιοχείᾳ,
1432 3049 1527 3097 καὶ
1557 3045 1705 3097 ἄλλοι
1733 3045 1943 3100 πολλοί.

370 3142 462 3192 Δεῖ
484 3140 613 3206 γοῦν
648 3138 679 3206 ἢ
708 3138 914 3197 πάντας
945 3138 1203 3207 παρεῖναι
1233 3136 1359 3198 τοὺς
1389 3135 1727 3199 ἐπισκόπους
1750 3135 1845 3189 ἐπὶ
1874 3138 1939 3206 τῇ

369 3230 556 3301 ψήφῳ,
592 3229 626 3300 ἢ
668 3233 762 3282 καὶ
792 3230 919 3293 τοὺς
956 3229 1199 3291 ἀπόντας
1225 3227 1315 3281 διὰ
1340 3228 1690 3299 γραμμάτων
1726 3228 1946 3299 συμψή-

370 3341 503 3391 φους
534 3324 781 3391 γίνεσθαι
816 3326 926 3386 τοῖς
957 3323 1216 3392 παροῦσι.
1824 3318 1829 3321 ’

368 3416 590 3472 ΛΡιΣΤ.
626 3435 644 3467 ι
688 3416 1105 3486 Μητροπολίτου
1134 3415 1560 3486 καθισταμενου,
1595 3412 1691 3467 καὶ
1711 3412 1761 3465 οἱ
1808 3412 1945 3484 πλη-

585 3527 603 3559 ι
647 3509 902 3577 σιόχωροι
952 3508 1340 3578 μετάπεμπτοι
1386 3507 1655 3560 ἔστωσαν.
1700 3524 1718 3556 ι

438 3601 860 3670 Μητροπολίτου
891 3600 1181 3669 μέλλοντος
1223 3600 1591 3669 ψηφισθῆναι,
1625 3599 1686 3650 ού
1735 3598 1943 3660 πάντεέ

335 3693 463 3761 ,τῆς
510 3694 799 3763 ἀπανταχῆ
847 3692 1170 3761 διοικήσεως
1208 3694 1256 3743 oi
1310 3690 1706 3760 μητροπολίται
1738 3691 1817 3752 είς
1844 3692 1942 3760 τὴν

364 3783 547 3852 ψῆφον
595 3782 763 3835 αὐτοῦ
814 3782 1202 3851 κληθήσονται,
1257 3780 1375 3834 ἀλλ’
1425 3782 1474 3831 οί
1532 3780 1939 3849 πλησιόχωροι·

366 3877 541 3927 ἐκεῖνο
584 3875 692 3944 γὰρ
724 3874 818 3926 καὶ
845 3873 1108 3926 ἀδύνατον
1143 3872 1422 3939 γενέσθαι,
1456 3871 1636 3942 εἴπερ,
1679 3876 1819 3923 κατὰ
1847 3872 1941 3923 τὸν

338 3968 611 4037 εἰκοστὸν
641 3966 893 4034 πέμπτον
946 3964 1151 4017 κανόνα
1193 3963 1292 4032 τῆς
1342 3964 1400 4014 ἐν
1445 3962 1752 4032 Χαλκηδόνι
1787 3963 1941 4014 συνό-

364 4058 480 4121 δου,
511 4058 662 4120 ἐντὸς
716 4058 886 4127 τριῶν
937 4056 1126 4125 μηνῶν
1177 4057 1233 4108 αί
1277 4054 1605 4124 χειροτονίαι
1660 4055 1937 4123 ὀφείλουσι

365 4149 616 4217 γίνεσθαι
642 4148 751 4202 τῶν
776 4148 1129 4219 χηρευουσῶν
1161 4130 1498 4201 ἐπισκοπῶν.

364 4241 585 4297 ΑΡΙΣΤ.
611 4262 628 4293 ι
651 4244 743 4304 Εἰς
766 4243 953 4312 ὀλίγην
972 4242 1125 4294 πόλιν
1140 4245 1234 4295 καὶ
1262 4244 1477 4311 κώμην,
1505 4235 1650 4316 ᾗκαὶ
1668 4237 1745 4304 είς
1773 4242 1941 4295 αὐτά-

443 4352 461 4385 t
505 4352 642 4404 ρκης
671 4336 1064 4405 πρεσϐύτερος,
1095 4335 1397 4399 ἐπίσκοπος
1427 4335 1487 4386 ού
1514 4334 1861 4387 καθίσταται·
1890 4337 1938 4387 εἰ

442 4441 461 4474 ι
504 4423 560 4475 δὲ
579 4423 814 4476 πολυανο
822 4426 1110 4494 ρωποτάτη
1124 4424 1336 4490 γένοιτο
1352 4424 1524 4486 πόλις,
1549 4425 1647 4476 οὐκ
1662 4423 1899 4486 ἀνάξιον.
1915 4442 1932 4474 ι

2043 1937 2189 1994 inea
2224 1955 2433 2010 quoque
2488 1943 2829 2011 episcopum,
2886 1944 3131 2013 quamvis
3176 1953 3349 2001 antea
3420 1945 3624 2000 nullum

2044 2031 2315 2099 habuerit,
2343 2034 2597 2089 constitui
2631 2034 2791 2089 licere
2820 2036 3081 2107 decernit.

2043 2123 2275 2179 ABIST.
2319 2144 2337 2177 ι
2378 2125 2434 2180 Si
2465 2127 2663 2196 populo
2693 2127 3009 2198 episcOpum
3052 2137 3338 2198 appetente
3381 2130 3625 2200 episcopi

3453 2036 3461 2063 ί

2122 2234 2142 2269 ι
2180 2227 2475 2288 praesentes
2505 2217 2728 2284 fuerint,
2762 2235 2899 2274 unus
2927 2234 3057 2275 vero
3089 2220 3350 2285 abfuerit,
3388 2222 3432 2276 is
3455 2222 3622 2277 etiam

2120 2325 2142 2360 ι
2184 2321 2425 2364 vocetur.
2457 2311 2513 2365 Si
2550 2322 2769 2365 vocatus
2813 2323 2990 2366 autem
3022 2328 3199 2381 neque
3228 2314 3487 2375 scribere.
3513 2328 3625 2381 ,ne-

2122 2419 2142 2452 ‹
2184 2417 2289 2471 que
2319 2404 2580 2459 accedere
2608 2404 2768 2465 velit,
2802 2406 2845 2459 is
2888 2404 2979 2475 qui
3029 2406 3229 2475 petitur
3258 2405 3558 2460 ordinetur.
3596 2425 3617 2458 ι

2118 2583 2264 2637 Istud
2300 2582 2462 2637 hodie
2488 2600 2592 2638 non
2621 2594 2705 2639 est
2740 2586 2793 2638 in
2832 2600 2932 2639 usu
2960 2625 2975 2650 ,
3005 2593 3063 2639 nt
3096 2601 3125 2639 a
3162 2585 3372 2641 clericis
3402 2594 3455 2640 et
3483 2587 3621 2641 civi-

2049 2674 2173 2728 tatis
2204 2654 2533 2744 pritnoribus
2561 2676 2934 2745 episcoporum
2965 2678 3257 2732 electiones
3289 2678 3501 2743 fierent,
3527 2679 3623 2732 sed

2050 2765 2165 2819 istae
2202 2781 2347 2823 nunc
2373 2783 2401 2819 a
2436 2769 2868 2831 metropolitanis
2897 2778 2951 2823 et
2994 2771 3264 2839 episcopis
3295 2774 3620 2839 procedunt.

2052 2858 2121 2913 Ut
2150 2860 2502 2916 dttodccimus
2532 2863 2721 2931 synodi
2761 2862 3107 2917 L'aodieensis
3133 2878 3305 2918 canon
3329 2868 3537 2929 statuit,
3567 2877 3623 2920 et

2050 2952 2481 3008 undevicesimus
2527 2953 2896 3015 Antiochenm.
2933 2968 2984 3009 et
3020 2958 3111 3009 alii
3157 2958 3332 3011 multi.
3375 2958 3456 3013 Ad
3493 2976 3621 3014 sen-

2048 3048 2271 3099 tentiam
2305 3046 2486 3114 itaque
2512 3047 2791 3101 ferendam
2821 3047 2905 3101 vel
2955 3063 3143 3103 omnes
3169 3050 3453 3121 episcopos
3483 3069 3621 3119 pr...-

2047 3147 2230 3192 scntes
2262 3154 2403 3203 esse,
2438 3140 2521 3193 vel
2560 3151 2613 3193 ct
2640 3143 2891 3195 absentes
2933 3156 3028 3209 per
3076 3144 3288 3197 litteras
3339 3150 3622 3213 pra-scuti-

2045 3232 2147 3288 bus
2178 3234 2487 3289 consentire
2515 3249 2746 3303 opt-riui.

2044 3413 2267 3471 ARIST.
2306 3431 2327 3465 ι
2367 3412 2998 3480 Cum~metropolitanns
3028 3414 3396 3475 constituitur.
3437 3419 3602 3466 etiam

2304 3521 2322 3554 ι
2365 3501 2524 3556 vicini
2551 3499 2788 3570 episcopi
2824 3511 2951 3553 sunt
2980 3501 3315 3555 accersendi.
3348 3518 3367 3552 ι

2114 3598 2247 3651 Cum
2304 3594 2751 3663 metropolitanus
2792 3603 2874 3644 est
2924 3592 3224 3661 eligendds,
3281 3609 3384 3647 non
3430 3604 3593 3649 Omne

2046 3691 2357 3755 ubicunque
2404 3687 2534 3750 sint,
2583 3686 2832 3740 dimcesis
2866 3688 3225 3753 metrOpolitae
3274 3689 3341 3738 ad
3393 3687 3619 3739 electio.

2044 3794 2165 3833 nent
2202 3778 2318 3847 ejus
2352 3779 2711 3839 voeabuntur,
2743 3777 2836 3831 sed
2875 3777 3057 3831 vicini.
3092 3776 3226 3829 Illud
3262 3776 3406 3829 enim
3435 3788 3488 3829 et
3518 3778 3619 3828 im-

2045 3866 2303 3936 possibile
2325 3875 2407 3919 est
2440 3867 2578 3928 fieri,
2619 3866 2663 3919 si
2701 3866 3001 3918 secundum
3037 3864 3335 3918 vicesinum
3369 3865 3617 3932 quintum

2044 3956 2235 4025 synodi
2264 3956 2728 4025 Chalcedonensis
2750 3971 3014 4010 cntionem
3060 3956 3366 4009 vacantium
3401 3956 3618 4024 cpisco-

2042 4062 2260 4117 patuuttt
2294 4048 2663 4102 ordinationes
2699 4022 2835 4099 iitlra
2872 4058 2978 4099 tres
3016 4062 3226 4099 menses
3253 4046 3365 4097 fieri
3398 4047 3617 4111 debent.

2041 4228 2369 4283 ARIST.t|tt
2406 4212 2570 4296 parva
2600 4228 2730 4281 urbe
2761 4236 2815 4280 et
2840 4226 2975 4303 vico,
3004 4228 3085 4280 cui
3122 4226 3285 4279 etiam
3310 4240 3448 4277 unus
3475 4225 3621 4277 Suili-

2120 4341 2139 4373 ε
2179 4322 2285 4377 ciat
2325 4323 2625 4391 presbyter,
2664 4314 2947 4390 epiScopus
2977 4334 3082 4372 non
3120 4318 3483 4371 constituitur.
3521 4319 3619 4370 Sin

2118 4435 2137 4466 ‹
2180 4417 2373 4485 populo
2405 4414 2835 4485 frequentissima
2862 4414 2931 4466 sit
2958 4412 3105 4473 urbs,
3141 4426 3244 4464 non
3280 4410 3611 4477 indignuth

432 4518 546 4569 Οὐκ
569 4518 888 4582 ἀναγκαῖον,
927 4516 1188 4585 βραχείας
1221 4513 1389 4583 οὔσης
1413 4517 1514 4585 τῆς
1545 4515 1751 4576 πόλεως
1776 4514 1808 4584 ἢ
1835 4517 1935 4583 τῆς

2113 4510 2228 4564 Non
2265 4524 2483 4563 necesse
2511 4517 2615 4573 est,
2648 4509 2691 4562 si
2722 4507 2914 4575 exigua
2952 4507 3024 4558 sit
3065 4504 3256 4557 civitas
3295 4511 3390 4557 aut
3424 4518 3613 4570 pagus.

366 4608 581 4676 κώμης,
598 4609 655 4659 ἐν
736 4607 830 4658 καὶ
849 4600 930 4669 εἷς
960 4605 1334 4675 πρεσϐύτερος
1354 4609 1612 4675 ἐπαρκεῖ,
1637 4607 1937 4658 ἐπίσκοπον

364 4699 632 4766 γίνεσθαι,
666 4700 754 4750 ἴνα
795 4698 870 4768 μὴ
901 4698 1356 4766 κατευτελίζηται
1384 4696 1445 4748 τὸ
1486 4697 1581 4749 τοῦ
1628 4698 1936 4751 ἐπισκόπου

364 4790 555 4861 ὗνομα.
580 4792 642 4843 Εἰ
666 4791 720 4843 δὲ
766 4790 861 4842 καὶ
904 4789 1133 4858 βραχεῖα
1189 4790 1342 4851 πόλις
1398 4788 1935 4859 πολυανθρωποτὰτη

366 4887 596 4951 γένοιτο,
632 4884 732 4935 οὐκ
778 4883 1008 4944 ἀπεικὸς
1055 4883 1151 4935 καὶ
1198 4885 1256 4934 ἐν
1304 4881 1444 4949 αὐτῇ
1482 4878 1936 4950 χειροτονηθῆναι

364 4979 680 5029 ἐπίσκοπον.

978 5062 1219 5117 ΚΑΝΩΝ
1256 5062 1330 5115 Z'.

376 5178 394 5211 ι
439 5161 628 5222 "Octo;
659 5158 958 5220 ἐπίσκοπος
1007 5152 1201 5208 εἶπεν⁹
1252 5155 1316 5206 Ἦ
1362 5155 1593 5224 ἀκαιρία
1636 5153 1811 5223 ἡμῶν,
1845 5153 1939 5205 καὶ

439 5255 534 5323 (ὴ
594 5252 765 5324 πολλὴ
820 5250 1095 5320 συνέχεια,
1147 5248 1243 5300 καὶ
1312 5248 1369 5300 αἱ
1441 5246 1619 5301 ἄδικοι
1681 5246 1937 5309 ἀξιώσεις

441 5369 458 5398 ι
504 5348 877 5418 πεποιήκασιν
927 5345 1076 5413 ἡμᾶς
1123 5340 1396 5408 τοσαύτην
1452 5340 1528 5409 μὴ
1568 5339 1716 5409 ἔχειν
1771 5340 1934 5409 χάριν

440 5463 456 5489 ι
506 5441 600 5491 καὶ
646 5437 981 5509 παρρησίαν,
1050 5437 1182 5505 ὅσην
1249 5432 1538 5501 ὀφείλομεν
1602 5430 1929 5501 κεκτῆσθαι.

434 5552 452 5581 ι
502 5530 693 5583 Πολλοὶ
733 5532 841 5599 γὰρ
871 5529 979 5581 τῶν
1012 5528 1328 5580 ἐπισκόπων
1359 5525 1419 5576 ού
1444 5524 1816 5577 διαλείπουσιν
1850 5524 1932 5585 είς

437 5644 454 5677 ι
500 5625 559 5676 τὸ
616 5621 979 5692 στρατόπεδον
1029 5617 1489 5687 παραγενόμενοι,
1540 5616 1634 5667 καὶ
1693 5613 1945 5691 μάλιστα,

440 5740 455 5767 ι
500 5718 548 5769 οἱ
584 5718 819 5784 Ἀφροι·
869 5713 1092 5775 οἵτινες,
1146 5709 1329 5771 καθὼς
1367 5708 1616 5776 ἔγνωμεν
1649 5706 1801 5776 παρὰ
1835 5704 1929 5758 τοῦ

441 5836 457 5865 ι
505 5809 790 5881 ἀγαπητοῦ
839 5806 1070 5874 ἀδελφοῦ
1132 5804 1289 5874 ἡμῶν
1359 5802 1456 5853 καὶ
1524 5798 1930 5853 συνεπισκόπου

686 5913 952 5967 l‘amon.
1000 5907 1115 5962 tia.
1159 5901 1257 5959 CX
1278 5896 1516 5958 XXVII.

2044 4607 2131 4660 ubi
2163 4612 2217 4657 et
2250 4618 2389 4657 unus
2424 4601 2700 4671 presbyter
2731 4599 2983 4662 sulliciat,
3016 4597 3330 4666 episcopum
3373 4595 3513 4657 fieri,
3549 4608 3617 4647 ne

2041 4695 2277 4766 episcopi
2308 4710 2505 4746 nomen
2538 4691 2685 4761 parvi
2716 4691 2887 4742 ﬁeret.
2920 4688 2976 4742 Si
3002 4688 3194 4756 exigua
3216 4695 3393 4740 autem
3421 4681 3616 4741 civitas

2041 4787 2472 4859 quamplurimis
2510 4785 2713 4852 repleta
2765 4784 2837 4837 sit
2889 4780 3379 4845 hominibusfnou
3426 4780 3619 4833 incon-

2041 4895 2235 4948 gruum
2266 4893 2350 4934 εει
2378 4889 2432 4932 ει
2463 4877 2516 4931 in
2548 4892 2612 4931 ea
2642 4874 2885 4930 ordinari
2921 4874 3256 4942 episc0pum.

2620 5048 2852 5108 CANON
2907 5049 3022 5103 VII.

2046 5170 2065 5203 ι
2105 5150 2266 5205 Osius
2301 5148 2587 5216 episcopus
2642 5144 2823 5199 dixit:
2872 5140 3261 5211 lmportunitas
3304 5147 3512 5202 nostra,
3560 5144 3617 5191 et

2120 5265 2139 5297 ‹
2175 5243 2339 5298 multa
2375 5242 2686 5300 assiduitas,
2720 5220 2775 5290 et
2815 5235 3030 5304 injustas
3057 5231 3446 5302 postulationes
3479 5229 3611 5283 clle-

2121 5355 2139 5387 ι
2181 5341 2391 5397 cerunt,
2423 5342 2478 5383 ut
2507 5345 2603 5384 nos
2631 5344 2736 5383 non
2769 5326 3029 5379 habemus
3055 5324 3258 5375 tautain
3295 5320 3523 5389 gratiam
3554 5329 3611 5371 et

2116 5446 2136 5479 ι
2179 5427 2482 5481 libertatem
2516 5422 2748 5486 dicendi,
2798 5429 3054 5487 quantam
3090 5417 3287 5468 habere
3330 5414 3608 5466 debemus.

2115 5538 2134 5572 ι
2173 5519 2324 5574 Multi
2348 5518 2493 5572 enim
2522 5494 2760 5584 episcopi
2804 5526 2911 5564 non
2945 5506 3313 5561 intermittunt
3334 5504 3398 5557 ad
3436 5512 3611 5556 castra

2119 5628 2136 5661 ι
2171 5609 2449 5671 accedere,
2487 5618 2542 5667 et
2596 5604 2829 5657 maxime
2863 5598 3023 5665 Afri;
3080 5597 3192 5664 qui,
3255 5597 3609 5663 quemadmo-

2116 5700 2135 5756 ι
2176 5702 2301 5756 dum
2337 5698 2684 5769 cognovimus
2714 5710 2742 5747 ιι
2775 5694 2970 5748 dilecto
3024 5691 3188 5745 fratre
3223 5698 3409 5741 nostro
3439 5693 3494 5739 et
3522 5699 3614 5738 cn-

2115 5816 2132 5849 (
2173 5796 2426 5866 episcopo
2463 5792 2650 5857 Grato,
2693 5788 2948 5846 salutaria
2997 5784 3225 5841 consilia
3257 5779 3606 5865 non’adlnilo

3148 5878 3220 5939 46
