4052 6418
385 394 519 459 1457

464 622 480 648 ι
524 599 670 651 λοιτο
733 596 861 665 περί
916 613 1082 659 τινος,
1142 595 1281 664 ὅπερ
1342 595 1804 665 πρεπωδέστερον
1846 596 1955 664 εἴη,

474 711 490 740 ι
549 690 807 755 ἀξιῶσαι,
842 689 917 759 μὴ
942 688 1206 751 κωλύοιτο
1235 688 1322 741 διὰ
1349 687 1444 741 τοῦ
1480 689 1958 759 ἐαυτοῦμδιακόνου

476 800 494 833 ι
550 782 646 834 καὶ
678 756 915 844 ἀξιῶσαι
948 782 1044 834 καὶ
1068 779 1412 834 ἐντείλασθαι
1436 779 1668 845 τούτοις,
1690 756 1830 834 ἶῦστε
1859 782 1961 853 τὴν

477 898 495 925 σ
535 874 716 928 αὐτῶν
777 874 991 943 ἀγαθὴν
1043 874 1295 944 βοήθειαν
1360 874 1600 941 ἀξιοῦντι
1655 873 1806 945 αὑτῷ
1858 891 1963 927 πα-

467 987 485 1018 ι
543 967 903 1038 ρέχειν..οίδέ
933 969 1013 1030 είς
1053 966 1275 1037 Ῥώμην
1298 968 1746 1038 παραγινόμενοι,
1775 966 1960 1031 καθὼς

475 1080 493 1111 ι
550 1061 876 1129 προείρηκα,
895 1059 972 1128 τῷ
989 1046 1260 1130 ἀγαπητῷ
1278 1060 1436 1130 ήμῶν
1465 1059 1680 1129 ἀδελφῷ
1704 1062 1799 1113 καὶ
1832 1078 1959 1113 συν-

466 1168 486 1201 ι
539 1150 825 1220 επισκόπῳ
857 1149 1064 1219 Ἰουλίῳ
1114 1151 1211 1212 τὰς
1240 1150 1475 1221 δεήσεις,
1509 1150 1577 1213 ἀς
1607 1150 1781 1221 ἔχοιεν
1818 1150 1959 1204 διδό·

471 1262 489 1294 ι
538 1260 650 1307 ναι,
695 1242 973 1310 ὀφείλουσι
1034 1243 1318 1313 παρέχειν,
1348 1245 1435 1297 ἵνα
1476 1245 1741 1315 πρότερον
1799 1244 1963 1305 αὐτὸς

485 1354 503 1379 ι
555 1334 877 1403 δοκιμάζοι·
925 1335 976 1397 εί
1014 1335 1088 1404 μή
1119 1350 1264 1395 τινες
1319 1332 1380 1397 ἐξ
1425 1334 1603 1388 αὐτῶν
1675 1334 1965 1403 ἀναισχυν-

479 1443 496 1473 ι
551 1425 738 1477 τοῖεν⁶
774 1423 867 1477 καὶ
920 1422 1065 1477 οὕτω
1098 1423 1200 1494 τὴν
1256 1424 1454 1477 ἐαυτοῦ
1506 1423 1845 1495 προστασίαν
1869 1423 1965 1477 καὶ

483 1536 501 1566 ι
562 1515 822 1588 φροντίδα
852 1517 1110 1587 παρέχων
1153 1517 1234 1579 είς
1263 1515 1325 1569 τὸ
1355 1516 1720 1586 στρατόπεδον
1767 1513 1965 1577 αὐτοὺς

493 1632 509 1661 ι
556 1610 903 1666 ἀποστέλλοι.
962 1612 1238 1674 ’Δπαντες
1282 1610 1337 1664 οἱ
1383 1588 1675 1664 ἐπίσκοποι
1730 1608 1967 1679 ἀπεκρί-

491 1724 515 1753 σ
566 1721 729 1758 ναντο
777 1703 1039 1773 ἀρέσκειν
1085 1706 1293 1765 αὐτοῖς,
1348 1703 1444 1755 καὶ
1500 1688 1968 1773 πρεπωδεστάτην

485 1814 505 1845 ι
544 1789 683 1848 εῖναι
714 1794 813 1865 τὴν
839 1780 1163 1864 συμϐουλὴν
1180 1794 1410 1864 ταύτην.
1452 1812 1471 1845 ι

1498 393 1577 451 1N
1613 394 1775 457 CAN.
1826 384 2152 457 LY‘CONC.
2201 396 2491 455 saumc

463 528 479 555 ι
521 502 705 558 κόπων
735 502 919 571 φίλους
945 503 1002 555 ἐν
1025 505 1092 571 τῇ
1118 502 1255 572 αὐλῇ
1284 501 1378 554 τοῦ
1410 502 1695 566 παλατξου,
1717 505 1808 556 καὶ
1832 505 1955 575 βοός
1992 528 2033 579 Α

2141 522 2163 557 ‹
2195 504 2521 576 impetrare;
2553 520 2618 560 ne
2643 508 2993 574 prohibeatur
3020 525 3112 579 per
3138 512 3633 569 suum'miuistrum

2139 615 2155 645 ι
2195 606 2249 650 et
2279 612 2470 666 rogare
2491 606 2545 651 et
2577 599 2643 652 iis
2673 599 2949 664 mandare,
2977 610 3033 653 ut
3066 601 3264 656 bonum
3289 620 3443 657 suum
3472 608 3630 660 auxi-

2138 705 2157 738 ι
2199 687 2324 740 Ιίιιιη
2342 688 2389 741 ei
2410 688 2612 757 petenti
2624 688 3061 755 velintpraabere.
3079 690 3177 753 Qui
3202 702 3378 747 autem
3398 695 3625 750 Romam

2138 798 2157 831 ι
2191 784 2475 843 accedunt,
2502 782 2955 848 quemadmodum
2984 784 3237 851 superius
3262 787 3466 840 dictum
3529 801 3633 853 est,

2140 890 2159 924 ι
2196 872 2392 926 dilecto
2424 872 2577 927 fratri
2608 883 2796 927 nostro
2821 883 2875 928 et
2898 876 3221 944 coepiscopo
3248 875 3390 931 Julio
3422 894 3632 946 preces,
3676 874 3695 895 ’

2140 982 2160 1016 ι
2194 979 2329 1033 quas
2365 965 2566 1029 habent
2589 967 2814 1030 dandas,
2870 964 3113 1035 praebere
3146 969 3360 1033 debent.
3406 982 3465 1024 ut
3522 972 3636 1041 ipse

2139 1072 2158 1107 ι
2189 1057 2337 1123 prius
2368 1058 2673 1123 examinet;
2700 1058 2800 1111 nisi
2836 1057 3031 1128 aliqua:
3081 1075 3263 1115 earum
3316 1062 3425 1115 sint
3460 1062 3637 1129 impu-

2139 1168 2157 1199 ‹
2189 1146 2380 1202 dentes
2425 1167 2438 1201 :
2478 1155 2533 1201 et
2573 1149 2654 1203 sic
2700 1164 2851 1203 suam
2907 1153 3285 1207 auctoritatem
3346 1161 3402 1206 et
3444 1168 3630 1207 curam

2143 1260 2161 1290 ι
2200 1241 2478 1309 praebens,
2512 1255 2608 1295 eos
2653 1242 2721 1295 ad
2777 1251 2955 1296 castra
3001 1245 3201 1297 mittat.
3264 1243 3467 1299 Omnes
3519 1248 3635 1312 epi-

2137 1351 2156 1383 ‹
2195 1333 2343 1401 scopi
2395 1332 2685 1397 dixerunt,
2720 1334 2795 1387 eis
2828 1334 3042 1403 placere
3063 1343 3117 1390 et
3147 1350 3267 1392 esse
3309 1338 3637 1392 convenienr
3689 1393 3693 1398 _

2140 1442 2160 1474 ι
2202 1424 2469 1481 tissimum
2497 1426 2599 1479 hoc
2638 1427 2947 1481 consilium.
2978 1445 2999 1478 ι

470 1885 667 1940 ΒΔΛΣ.
696 1864 820 1940 ’Ότι
849 1887 949 1939 οὐκ
979 1887 1221 1958 ἀνῃρέθη
1251 1889 1279 1940 ό
1312 1894 1380 1941 ια’
1408 1887 1590 1940 κανὼν
1619 1887 1720 1954 τῆς
1748 1887 1808 1938 ἐν
1850 1886 1966 1938 Ἀν-

2142 1894 2336 1949 BALS.
2379 1894 2534 1960 Quod
2566 1888 2951 1949 non’sublatus
2985 1895 3055 1948 sit
3098 1906 3269 1947 canon
3313 1889 3631 1944 undecimus

397 1977 605 2047 τιοχεία
635 1978 881 2042 συνόδου,
913 1977 1072 2047 δῆλον
1107 1980 1202 2031 καὶ
1233 1977 1341 2030 ἀπὸ
1373 1977 1467 2030 τοῦ
1500 1976 1772 2041 παρόντος
1802 1976 1967 2029 κανό·

401 2084 514 2125 νος.
551 2068 689 2137 Φησὶ
710 2067 818 2137 γὰρ
846 2067 949 2130 ὅτι,
971 2067 1066 2119 ἐὰν
1090 2067 1386 2129 ἐπίσκοπος
1418 2067 1618 2141 θελήσῃ
1648 2065 1969 2120 ἀποστεῖλαι

399 2158 615 2228 δεήσεις
644 2158 724 2220 εἰς
761 2158 852 2209 τὸν
903 2157 1125 2227 βασιλέα
1149 2158 1234 2210 διὰ
1270 2158 1598 2226 συναδέλφου
1624 2159 1719 2210 καὶ
1753 2174 1971 2210 συνεπι-

403 2251 609 2303 σκόπου
643 2250 809 2304 αὑτοῦ
851 2252 1336 2323 ἀρχιερατεύοντος
1370 2253 1451 2314 είς
1482 2238 1773 2322 ἐπαρχίαν,
1802 2253 1881 2314 είς
1901 2255 1971 2322 ἣν

399 2343 578 2411 διάγει
612 2346 640 2397 ό
674 2344 954 2413 βασιλεὺς,
984 2344 1188 2417 όφείλει
1237 2344 1644 2414 προσέρχεσθαι
1690 2345 1768 2415 τῷ
1795 2364 1971 2415 προσ-

398 2436 552 2506 φόρῳ
612 2426 1027 2509 μητροπολὶτῃ,
1082 2436 1178 2489 καὶ
1257 2436 1635 2491 ἀναδιδάσκειν
1689 2438 1850 2492 αὐτὸν
1912 2439 1975 2492 τὸ

397 2528 601 2581 οἰκεῖον
633 2527 901 2598 βούλημα·
936 2529 1033 2581 καὶ
1062 2530 1089 2580 ό
1123 2528 1530 2599 μητροπολίτης
1557 2529 1696 2599 μετὰ
1724 2528 1973 2583 διακόνου

400 2620 592 2686 αὑτοῦ,
612 2619 920 2687 ὀφείλοντος
952 2620 1319 2691 ἐπιφέρεσθαι
1350 2619 1645 2679 κανονικάς
1664 2620 1974 2687 ἐπιστολὰς,

403 2711 575 2781 ἤγουν
626 2711 917 2782 εἰρηνικὰς
970 2711 1065 2764 καὶ
1131 2712 1485 2777 συστατικὰς,
1528 2712 1846 2777 ἀναδιδάξαι
1885 2713 1977 2766 τὸν

404 2802 742 2873 ἐνδημοῦντα
781 2804 1099 2870 ἐπίσκοπον,
1134 2803 1486 2881 ὠς-εῖρηται,
1524 2807 1603 2867 είς
1634 2805 1725 2858 τὸν
1748 2805 1977 2875 βασιλέα

402 2896 504 2964 τὴν
551 2897 647 2948 τοῦ
704 2896 936 2965 ἀδελφοῦ
1002 2897 1098 2948 καὶ
1157 2899 1558 2950 συνεπισκόπου
1604 2897 1974 2967 παράκλησιν.

310 3001 316 3006 ·
404 2988 582 3042 Τοῦτο
607 2989 666 3043 δὲ
710 2990 957 3057 γίνεσθαι
1000 2988 1176 3052 οὕτως
1208 2990 1444 3059 ὡρίσθη,
1478 2991 1566 3043 ἵνα
1608 2990 1637 3042 ὁ
1698 3008 1977 3061 μητροπο-

406 3080 560 3148 λίτης
592 3079 803 3149 ἐπιγνῷ
817 3081 917 3157 τὴν
939 3080 1222 3148 ὑπόθεσιν,
1250 3082 1347 3135 καλ⁸
1379 3083 1585 3151 διαγνῴ
1620 3085 1668 3136 εἰ
1693 3084 1968 3154 ἐνδέχεται

2070 1985 2419 2040 Antiochenat
2472 1984 2685 2054 synodi,
2742 2000 2807 2039 ex
2856 1982 3107 2053 praesenti
3174 1995 3386 2050 quoque
3435 1992 3643 2030 canone

2072 2077 2276 2131 clarum
2316 2085 2421 2131 est.
2457 2070 2593 2132 Dicit
2627 2078 2804 2141 enim,
2837 2077 2977 2146 quod
3020 2076 3063 2131 si
3101 2074 3387 2143 episcopus
3414 2068 3645 2123 voluerit

2066 2166 2291 2219 mittere
2326 2180 2520 2235 preces
2573 2167 2639 2221 ad
2686 2166 3044 2233 imperatores
3076 2178 3173 2233 per
3210 2162 3537 2215 conlratrem
3589 2168 3641 2209 et

2074 2260 2448 2329 coepiscopum
2471 2275 2649 2325 suum,
2680 2259 2771 2328 qui
2796 2270 2876 2313 σει
2905 2260 2956 2313 in
2987 2274 3047 2313 ea
3083 2254 3356 2325 provincia
3391 2255 3643 2313 antistes,

2077 2353 2131 2406 in
2162 2368 2264 2420 qua
2294 2353 2589 2421 imperator
2624 2352 2756 2420 agit,
2790 2350 2950 2406 debet
2994 2351 3060 2405 ad
3092 2356 3482 2417 competentem
3532 2360 3643 2396 Ine~

2070 2445 2461 2514 tropolitanum
2515 2444 2797 2509 accedere,
2850 2454 2906 2496 et
2949 2457 3099 2497 suam
3145 2441 3472 2495 voluntatem
3520 2453 3640 2491 cum

2078 2537 2315 2591 ducere:
2347 2535 2797 2605 metropolitanus
2830 2548 2963 2587 vero
3006 2547 3130 2586 cum
3167 2530 3365 2585 famulo
3397 2545 3517 2588 suo.
3549 2528 3642 2596 qui

2079 2630 2237 2683 debet
2269 2628 2524 2698 epistolas
2555 2626 2848 2682 canonic‘as
2900 2624 3112 2689 afferre,
3150 2621 3357 2676 scilicet
3392 2618 3648 2688 pacificus

2080 2730 2134 2775 et
2189 2719 2681 2782 commendatitias,
2733 2716 2953 2773 docebit
2992 2716 3327 2785 episcopum,
3370 2714 3461 2780 qui
3508 2711 3646 2778 apud

2083 2818 2486 2883 imperatorem,
2534 2822 2591 2867 ut
2622 2813 2822 2866 dictum
2866 2817 2971 2873 est,
3027 2816 3297 2870 versatur,
3350 2804 3534 2858 fratris
3588 2812 3644 2855 et

2081 2902 2860 2974 coepiscopi‘postulationem.
2911 2898 3022 2953 Hoc
3058 2908 3234 2952 autem
3266 2898 3348 2951 sic
3373 2894 3487 2950 ﬁeri
3540 2903 3652 2946 sta-

2082 3007 2255 3051 tutum
2288 3006 2371 3050 est
2395 3034 2410 3059 ,
2442 3003 2500 3048 ut
2528 2993 2977 3062 metropolitanus
3011 3004 3226 3045 causam
3264 2997 3553 3058 cognoscat
3597 2994 3653 3038 et

2084 3090 2376 3150 discernat,
2405 3103 2472 3141 an
2501 3101 2620 3140 eam
2640 3092 2885 3154 oporteat
2914 3084 2981 3135 ad
3006 3081 3387 3150 imperatorem
3417 3075 3648 3132 referre.

406 3173 762 3244 ἀνενεχθῆναι
791 3173 997 3243 ταύτην
1056 3174 1134 3245 τῷ
1170 3175 1405 3255 βασιλεῖ,
1431 3175 1542 3229 εἴτε
1578 3176 1673 3230 καὶ
1717 3178 1814 3248 μή.
1890 3179 1977 3257 Ὠς

2088 3198 2148 3236 an
2181 3196 2310 3234 non.
2346 3179 2630 3248 Tanquam
2654 3186 2834 3231 autem
2864 3175 3089 3230 dixisset
3111 3173 3398 3243 quispiam,
3431 3169 3651 3238 perboc

404 3266 465 3319 δέ
504 3282 647 3329 τινος
688 3265 959 3330 εἰπόντος,
991 3268 1056 3320 ἐκ
1122 3268 1314 3331 τούτου
1349 3269 1695 3339 ἀναιρεῖσθαι
1750 3270 1842 3325 τὸν
1881 3273 1980 3341 τῆς

409 3357 695 3429 παρούσης
731 3357 950 3411 συνόδου
982 3357 1031 3428 η’
1072 3359 1413 3425 κανόνα,ητὸν
1432 3361 1803 3432 διοριζόμενον
1843 3366 1983 3431 μετὰ

405 3451 673 3504 διακόνων
705 3451 927 3505 οίκείων
979 3454 1106 3515 τοὺς
1145 3455 1486 3517 ἐπισκόπους
1540 3456 1982 3528 ὑπομιμνήσκειν

405 3543 501 3597 τὸν
531 3543 757 3613 βασιλέα
772 3544 841 3598 τὰ
884 3547 1012 3615 περὶ
1036 3546 1146 3600 τῶν
1173 3532 1514 3617 ψυχωιρελῶν
1542 3551 1754 3615 αίτιῶν,
1811 3568 1985 3622 προσ-

409 3636 595 3690 έθεντο
624 3637 675 3689 οἱ
721 3636 985 3707 Πατέρες,
1034 3638 1170 3708 πρὸς
1205 3639 1303 3708 μὲν
1339 3640 1558 3709 βασιλέα
1597 3641 1671 3712 μὴ
1722 3643 1985 3697 ἀποστέλ-

408 3724 603 3779 λεσθαι
629 3727 876 3781 διάκονον
922 3727 1079 3797 παρά
1129 3729 1434 3784 ἐπισκόπου
1476 3732 1648 3801 χωρὶς
1703 3734 1983 3804 συνώικῆς

408 3816 737 3889 ἐπιτροπῆςο
772 3819 910 3889 πρὸς
927 3820 985 3873 δέ
1007 3837 1161 3882 τινας
1192 3821 1429 3886 οἰκείους
1454 3823 1533 3892 τῷ
1571 3822 1783 3892 βασιλεῖ
1807 3827 1984 3879 ποιεῖν

414 3910 556 3981 μετὰ
593 3910 849 3965 διακόνου
888 3911 1163 3977 ἀξιώσεις.
1196 3914 1343 3984 Πλὴν
1371 3917 1467 3969 καὶ
1506 3918 1684 3984 τοῦτο,
1732 3919 1809 3981 ὡς
1858 3919 1984 3989 ἐμοὶ

410 4003 584 4068 δοκεῖ,
614 4003 758 4073 μετά
805 4004 1066 4072 εἰδήσεως
1096 4004 1193 4058 τοῦ
1226 4008 1624 4078 μητροπολίτου
1665 4012 1981 4081 γενήσεται.

411 4095 555 4157 Τοὺς
617 4095 802 4164 μέντοι
833 4098 1313 4168 παραγινομένους
1346 4102 1423 4163 είς
1471 4100 1570 4171 τὴν
1613 4101 1833 4174 Ῥώμην
1864 4106 1986 4158 ἐπι-

412 4187 652 4251 σκόπους
693 4189 767 4260 μὴ
803 4188 1075 4260 ἄλλωςτῷ
1126 4189 1339 4259 βασιλεῖ
1368 4192 1787 4265 προσέρχεσθαι,
1830 4199 1880 4250 εί
1908 4199 1984 4268 μὴ

411 4284 439 4334 ὀ
460 4283 694 4347 πάππας
738 4283 879 4355 λάϐῃ
908 4284 1008 4355 τὴν
1035 4284 1167 4355 περὶ
1200 4285 1395 4340 τούτου
1427 4288 1658 4358 εἴδησιν·
1695 4290 1789 4344 καὶ
1819 4292 1986 4356 αὐτὸς

410 4376 718 4446 δοκιμάσας
757 4377 829 4429 τὰ
850 4375 979 4446 περὶ
1019 4375 1127 4429 τῶν
1157 4378 1420 4449 δεήσεων,
1456 4381 1489 4451 ἢ
1543 4382 1830 4452 ἐπιτρέψει
1883 4385 1982 4456 τὴν

411 4466 719 4538 ἀναφορὰν,
751 4469 847 4521 καὶ
897 4469 1200 4540 ἀποστείλῃ
1235 4470 1436 4534 αὐτοὺς
1474 4474 1556 4534 εἰς
1590 4473 1687 4525 τὸν
1731 4472 1981 4542 βασιλέα,

2087 3273 2196 3329 ιοΠί
2245 3272 2525 3342 praesentis
2567 3269 2758 3340 synodi
2811 3281 3070 3323 canonem
3105 3254 3141 3319 8
3189 3265 3277 3335 qui
3326 3263 3549 3326 statuit,
3598 3272 3659 3314 ut

2085 3365 2324 3436 episcopi
2355 3380 2477 3421 cum
2507 3363 2741 3434 propriis
2767 3356 3028 3416 ministris
3050 3360 3429 3429 imperatorem
3464 3356 3650 3409 admo-

2086 3471 2252 3516 neant
2282 3459 2349 3513 de
2377 3460 2562 3513 causis
2596 3455 2793 3511 animae
2818 3451 3255 3509 conducibilibus
3286 3466 3301 3517 ;
3342 3450 3658 3519 adjecerunt

2086 3551 2317 3615 Patres,
2374 3551 2439 3604 ad
2489 3550 2869 3618 imperatorem
2925 3545 3140 3615 quidem
3189 3558 3296 3597 non
3338 3541 3656 3595 mittendmn

2086 3644 2396 3698 ministrum
2430 3643 2496 3696 ab
2525 3642 2779 3710 episcOpo
2801 3640 2917 3693 sine
2941 3634 3187 3708 synodali
3223 3632 3478 3687 mandato
3506 3648 3523 3685 :
3563 3630 3659 3684 sed

2078 3737 2359 3806 aliquibus
2383 3735 2728 3804 imperatoris
2761 3731 3120 3787 familiaribus
3167 3743 3358 3797 preces
3403 3740 3523 3780 eum
3557 3724 3659 3776 mi-

2088 3830 2263 3884 nistro
2291 3843 2413 3883 esse
2454 3826 2810 3883 exhibendas.
2853 3826 2959 3880 Sed
2992 3825 3093 3879 hoc
3127 3835 3365 3893 quoque,
3417 3827 3479 3873 ut
3524 3817 3654 3871 mihi

2086 3921 2319 3986 videtur,
2357 3919 2449 3974 ﬁet
2476 3934 2596 3973 cum
2630 3920 2854 3974 scientia
2902 3914 3325 3985 metropolitani.
3365 3912 3663 3982 Episcopus

2086 4027 2240 4078 vero,
2273 4013 2363 4082 qui
2417 4011 2643 4069 Romam
2673 4011 2961 4076 accedunt,
3001 4025 3103 4064 non
3136 4007 3297 4062 aliter
3334 4005 3399 4059 ad
3429 4003 3663 4072 impera-

2091 4116 2262 4162 torem
2292 4108 2577 4170 accedere,
2610 4104 2711 4158 nisi
2738 4117 2874 4172 papa
2897 4101 3015 4170 ejus
3046 4101 3120 4155 rei
3152 4098 3434 4154 scientiam
3459 4095 3660 4148 habue-

2089 4205 2204 4256 rit:
2244 4209 2298 4255 et
2324 4200 2464 4266 ipse,
2508 4195 2761 4267 precibus
2810 4192 3134 4249 examinatis
3159 4230 3175 4255 ,
3224 4191 3307 4245 vel
3342 4188 3656 4244 relationem

2087 4285 2417 4364 permiserit,
2473 4299 2527 4344 et
2568 4290 2714 4360 ipsos
2763 4289 2830 4343 ad
2878 4289 3260 4357 imperatorem
3306 4282 3536 4346 miserit,
3574 4278 3658 4334 vel

2089 4387 2436 4458 denegaverit
2478 4392 2580 4450 ;ut
2619 4383 2710 4451 qui
2757 4383 2919 4437 etiam
2957 4380 3150 4435 debeat
3191 4379 3472 4445 episcopos
3503 4390 3660 4430 com-

2088 4478 2270 4547 plecti,
2312 4482 2367 4529 et
2409 4474 2477 4529 iis
2514 4475 2566 4526 in
2623 4472 2876 4525 omnibus
2913 4469 3055 4524 ferre
3098 4482 3276 4535 opem.
3325 4465 3502 4530 Quare
3534 4476 3662 4518 uora

413 4562 447 4631 ἢ
476 4562 710 4634 ἀπείπῃο
755 4562 831 4624 ὡς
862 4564 958 4615 καὶ
989 4563 1222 4632 ὀφείλων
1252 4564 1576 4635 ἀντέχεσθαι
1610 4566 1717 4619 τῶν
1754 4569 1980 4621 ἐπισκό-

2089 4586 2153 4626 ex
2186 4570 2254 4624 iis
2298 4581 2418 4636 quae
2458 4565 2512 4619 in
2542 4566 2647 4620 hoc
2670 4576 2876 4618 canone
2907 4561 3277 4623 continentur,
3310 4558 3454 4628 quod
3490 4552 3665 4625 nepte

416 4670 557 4715 πων,
585 4652 677 4703 καὶ
719 4653 935 4722 βοηθεῖν
966 4653 1062 4707 ἐπὶ
1093 4656 1263 4707 πᾶσιν
1305 4655 1511 4717 αὐτοῖς.
1549 4657 1712 4709 Ὥστε
1740 4659 1984 4728 σημείω-

414 4761 507 4797 σαι
541 4743 649 4797 ἀπό
685 4742 794 4796 τῶν
826 4745 884 4795 ἐν
915 4743 994 4813 τῷ
1042 4746 1228 4799 κανόνι
1260 4744 1433 4816 τούτῳ
1458 4751 1867 4819 περιεχομένων
1903 4752 1986 4805 ὅτι

414 4834 541 4888 οὔτε
575 4834 981 4906 μητροπολίτης
1015 4834 1142 4887 οὔτε
1166 4836 1466 4901 ἐπίσκοπος
1496 4840 1667 4909 χωρὶς
1698 4840 1984 4911 συνοδικῆς

412 4927 762 4997 διαγνώσεως
795 4926 1021 4980 δύναται
1048 4927 1262 4997 δεήσεις
1295 4931 1609 4998 ἀνενεγκεῖν
1659 4932 1738 5000 τῷ
1774 4932 1989 5002 βασιλεῖ

415 5020 449 5091 ἢ
500 5020 568 5073 δι’
601 5019 796 5072 ἑαυτοῦ
848 5019 881 5089 ἢ
928 5019 1018 5072 διά
1075 5020 1327 5097 διακόνου
1401 5022 1589 5078 αὑτοῦ.
1640 5024 1885 5077 Ἀκούων
1926 5024 1985 5077 δὲ

419 5107 595 5162 ταῦτα
642 5108 890 5177 γίνεσθαι
943 5111 1081 5179 μετά
1122 5110 1383 5181 εἰδήσεως
1443 5113 1537 5165 τοῦ
1582 5113 1984 5184 μητροπολίτου

421 5201 636 5254 καὶτοῦ
664 5202 886 5265 πάππα,
946 5203 1231 5274 προστίθει
1279 5207 1377 5259 καὶ
1434 5205 1721 5276 συνοδικὴν
1777 5208 1987 5261 ἐπακο·

418 5292 631 5347 λουθεῖν
689 5295 984 5361 διάγνωσιν
1048 5294 1190 5349 κατά
1232 5294 1326 5349 τὸν
1400 5296 1470 5350 ια’
1515 5297 1719 5351 κανόνα
1773 5299 1874 5367 τῆς
1930 5299 1989 5352 ἐν

394 5438 395 5445 η
431 5386 735 5457 Ἀντιοχείᾳ
768 5387 1012 5442 συνόδου.
1031 5387 1114 5440 Τὰ
1135 5386 1193 5440 δὲ
1221 5389 1349 5459 περὶ
1374 5390 1469 5442 τοῦ
1519 5391 1723 5443 πάππα
1753 5391 1991 5446 ἐνταῦθα

402 5480 783 5548 ,γεγραμμένα
811 5479 1042 5532 ’ἐλκυσον
1068 5481 1163 5532 καὶ
1197 5481 1277 5543 είς
1312 5481 1404 5534 τὸν
1440 5483 1793 5554 πατριάρχην
1837 5485 1991 5537 Κων-

422 5571 944 5634 σταντινουπόλεως,
979 5572 1045 5624 δι’
1070 5569 1161 5635 οὓς
1195 5572 1391 5639 λόγους
1418 5573 1679 5637 πολλάκις
1736 5576 1988 5646 εἴπομεν.

434 5662 772 5728 Ἀνάγνωσον
793 5667 882 5716 καὶ
913 5666 1104 5731 κεφάλ.
1142 5666 1186 5733 β’
1215 5663 1308 5717 τοῦ
1334 5664 1382 5733 η’
1400 5665 1580 5718 τίτλου
1606 5668 1701 5719 τοῦ
1723 5670 1992 5739 παρόντος

428 5754 836 5823 συντάγματος,
877 5758 971 5808 καὶ
1006 5758 1074 5808 τά
1110 5758 1167 5809 ἐν
1201 5758 1350 5827 αὐτῷ
1411 5759 1607 5812 πάντα.
1663 5761 1883 5813 Τούτων
1932 5764 1988 5817 δὲ

428 5845 574 5901 οὕτω
605 5847 1007 5919 διορισθέντων,
1048 5847 1200 5904 εἶπόν
1229 5870 1371 5917 τινες
1410 5855 1482 5923 μὴ
1517 5855 1756 5922 ὀφείλειν
1779 5857 1829 5909 οἱ
1867 5857 1989 5920 νδή-

2093 4660 2544 4730 metropolitanus
2591 4671 2770 4721 neque
2812 4655 3103 4724 cpiscopus
3138 4653 3257 4707 sine
3286 4650 3523 4722 synodai.
3571 4666 3664 4704 co-

2091 4755 2333 4826 gnitione
2368 4760 2543 4820 potest
2582 4749 2648 4804 ad
2685 4750 3068 4816 imperatorem
3114 4744 3197 4800 vel
3234 4760 3329 4814 per
3353 4758 3412 4799 se
3443 4743 3524 4797 vel
3567 4759 3662 4812 per

2092 4863 2248 4903 suum
2278 4848 2590 4902 ministrum
2658 4840 3078 4911 supplicationes
3141 4837 3368 4892 referre.
3429 4836 3666 4889 Audiens

2088 4952 2272 4994 autem
2304 4937 2418 4992 haec
2450 4935 2564 4991 ﬁeri
2589 4950 2709 4989 cum
2739 4934 2965 4989 scientia
2989 4931 3387 5001 metropolitani
3409 4938 3463 4984 et
3494 4944 3663 4999 papae,

2093 5031 2267 5100 adjice
2307 5031 2470 5085 etiam
2500 5028 2814 5099 synodulem
2848 5026 3111 5095 consequi
3143 5024 3527 5094 cognitionem,
3579 5036 3668 5075 se-
3722 5076 3725 5083 _

2093 5124 2328 5179 cundum
2367 5136 2627 5177 canonem
2660 5121 2722 5175 ll
2759 5119 3113 5174 Antiochense
3156 5115 3373 5188 synodi.
3409 5114 3538 5180 Qua:
3570 5129 3668 5166 au-

2093 5228 2199 5274 tem
2253 5218 2320 5271 de
2380 5231 2514 5285 papa
2571 5214 2659 5268 hic
2713 5213 2911 5282 scripta
2965 5219 3130 5273 sunt,
3172 5210 3255 5264 .ad
3301 5208 3666 5279 patriarcbam

2094 5309 2255 5363 etiam
2286 5303 2944 5373 Coustautino‘politanum
2979 5301 3296 5370 applicanda
3330 5306 3548 5368 propter
3576 5312 3668 5350 ra-
3709 5301 3727 5355 ,‘r

2095 5395 2271 5451 tiones
2312 5408 2447 5464 quas
2481 5407 2621 5462 saepe
2650 5391 2910 5446 diximus.
2959 5387 3101 5459 Lege
3130 5397 3185 5442 et
3228 5396 3391 5456 caput
3420 5387 3454 5438 2
3495 5388 3583 5438 tit.
3631 5384 3665 5439 8

2094 5490 2379 5559 praesentis
2411 5478 2696 5555 operis,'ct
2724 5484 2902 5537 omnia
2934 5497 3054 5551 quae
3086 5483 3137 5535 in
3160 5496 3226 5536 eo
3258 5476 3542 5535 ευηι.›Ηίε
3570 5492 3667 5529 au-

2096 5591 2202 5636 tem
2229 5580 2310 5634 sic
2331 5577 2589 5640 definitis,
2623 5577 2875 5630 dixerunt
2912 5574 3101 5639 aliqui,
3137 5588 3241 5627 non
3272 5572 3471 5625 debere
3496 5569 3665 5623 ιιΗιιιιι

2097 5672 2567 5740 metropolitanum
2608 5670 2725 5721 sine
2758 5665 3104 5736 patriarcltali
3139 5667 3396 5718 mandato
3426 5661 3509 5715 vel
3546 5675 3657 5729 per-

2099 5766 2261 5818 missu
2296 5763 2358 5814 ad
2394 5763 2776 5830 imperatorem
2813 5755 3370 5827 unquamprolicisci.
3406 5754 3537 5807 Μὶιιί
3575 5769 3641 5804 au

2100 5853 2468 5915 temvidetur,
2503 5852 2646 5919 quod
2675 5850 2893 5919 quando
2940 5847 3176 5917 primum
3214 5842 3672 5913 metropolitanus
