  <div class='ocr_page' id='page_1' title='image "/cluster/home/n/w/nwhite01/storage/ocr_20150623/137:no.1/coo.31924054870427/736.png"; bbox 0 0 4052 6406; ppageno 0'>
   <div class='ocr_carea' id='block_1_1' title="bbox 363 375 501 438">
    <p class='ocr_par' dir='ltr' id='par_1_1' title="bbox 363 375 501 438">
     <span class='ocr_line' id='line_1_1' title="bbox 363 375 501 438; baseline -0.007 0"><span class='ocrx_word' id='word_1_1' title='bbox 363 375 501 438; x_wconf 68' lang='lat'><strong>1465</strong></span> 
     </span>
    </p>
   </div>
   <div class='ocr_carea' id='block_1_2' title="bbox 1483 368 2567 438">
    <p class='ocr_par' dir='ltr' id='par_1_2' title="bbox 1483 368 2567 438">
     <span class='ocr_line' id='line_1_2' title="bbox 1483 368 2567 438; baseline -0.017 -1"><span class='ocrx_word' id='word_1_2' title='bbox 1483 378 1566 437; x_wconf 83' lang='lat' dir='ltr'><strong>IN</strong></span> <span class='ocrx_word' id='word_1_3' title='bbox 1606 378 1766 438; x_wconf 85' lang='lat' dir='ltr'><strong>CAN.</strong></span> <span class='ocrx_word' id='word_1_4' title='bbox 1811 378 1892 436; x_wconf 83' lang='lat' dir='ltr'>XI</span> <span class='ocrx_word' id='word_1_5' title='bbox 1926 371 2132 433; x_wconf 83' lang='lat' dir='ltr'><strong>CONC.</strong></span> <span class='ocrx_word' id='word_1_6' title='bbox 2176 368 2468 431; x_wconf 73' lang='lat' dir='ltr'><strong>SARDIC.</strong></span> <span class='ocrx_word' id='word_1_7' title='bbox 2550 390 2567 419; x_wconf 64' lang='grc' dir='ltr'>ρ</span> 
     </span>
    </p>
   </div>
   <div class='ocr_carea' id='block_1_3' title="bbox 3445 366 3578 430">
    <p class='ocr_par' dir='ltr' id='par_1_3' title="bbox 3445 366 3578 430">
     <span class='ocr_line' id='line_1_3' title="bbox 3445 366 3578 430; baseline -0.023 0"><span class='ocrx_word' id='word_1_8' title='bbox 3445 366 3578 430; x_wconf 77' lang='grc'><strong>1466</strong></span> 
     </span>
    </p>
   </div>
   <div class='ocr_carea' id='block_1_4' title="bbox 362 458 1953 565">
    <p class='ocr_par' dir='ltr' id='par_1_4' title="bbox 362 486 1953 565">
     <span class='ocr_line' id='line_1_4' title="bbox 362 486 1953 565; baseline 0.002 -25"><span class='ocrx_word' id='word_1_9' title='bbox 362 492 427 543; x_wconf 72' lang='grc' dir='ltr'><strong>ἐκ</strong></span> <span class='ocrx_word' id='word_1_10' title='bbox 451 492 664 562; x_wconf 82' lang='grc' dir='ltr'>φαύλης</span> <span class='ocrx_word' id='word_1_11' title='bbox 693 491 811 544; x_wconf 75' lang='grc' dir='ltr'>ἐστὶ</span> <span class='ocrx_word' id='word_1_12' title='bbox 839 486 1137 562; x_wconf 75' lang='grc' dir='ltr'><strong>διαγωγῆς,</strong></span> <span class='ocrx_word' id='word_1_13' title='bbox 1168 495 1304 547; x_wconf 52' lang='grc' dir='ltr'>κᾶλλ’</span> <span class='ocrx_word' id='word_1_14' title='bbox 1341 494 1463 549; x_wconf 88' lang='grc' dir='ltr'><strong>ούδέ</strong></span> <span class='ocrx_word' id='word_1_15' title='bbox 1490 494 1599 547; x_wconf 86' lang='grc' dir='ltr'><strong>τῶν</strong></span> <span class='ocrx_word' id='word_1_16' title='bbox 1648 496 1919 565; x_wconf 71' lang='grc' dir='ltr'>μοναχῶν,</span> <span class='ocrx_word' id='word_1_17' title='bbox 1952 540 1953 543; x_wconf 45' lang='grc' dir='ltr'><strong>η</strong></span> 
     </span>
    </p>
   </div>
   <div class='ocr_carea' id='block_1_5' title="bbox 2057 458 3582 565">
    <p class='ocr_par' dir='ltr' id='par_1_5' title="bbox 2057 458 3582 553">
     <span class='ocr_line' id='line_1_5' title="bbox 2057 458 3582 553; baseline -0.003 -15"><span class='ocrx_word' id='word_1_18' title='bbox 2057 499 2131 538; x_wconf 85' lang='lat' dir='ltr'><strong>em</strong></span> <span class='ocrx_word' id='word_1_19' title='bbox 2189 484 2469 539; x_wconf 74' lang='lat' dir='ltr'><strong>confestim</strong></span> <span class='ocrx_word' id='word_1_20' title='bbox 2516 482 2821 551; x_wconf 80' lang='lat' dir='ltr'><strong>promoveri</strong></span> <span class='ocrx_word' id='word_1_21' title='bbox 2864 458 3153 553; x_wconf 81' lang='lat' dir='ltr'><strong>permittit.</strong></span> <span class='ocrx_word' id='word_1_22' title='bbox 3218 481 3323 537; x_wconf 85' lang='lat' dir='ltr'><strong>Sed</strong></span> <span class='ocrx_word' id='word_1_23' title='bbox 3384 481 3582 551; x_wconf 84' lang='lat' dir='ltr'><strong>gradus</strong></span> 
     </span>
    </p>
   </div>
   <div class='ocr_carea' id='block_1_6' title="bbox 365 587 1921 658">
    <p class='ocr_par' dir='ltr' id='par_1_6' title="bbox 365 587 1921 658">
     <span class='ocr_line' id='line_1_6' title="bbox 365 587 1921 658; baseline 0.002 -19"><span class='ocrx_word' id='word_1_24' title='bbox 365 588 447 651; x_wconf 80' lang='grc' dir='ltr'><strong>είς</strong></span> <span class='ocrx_word' id='word_1_25' title='bbox 475 587 536 640; x_wconf 87' lang='grc' dir='ltr'><strong>τδ</strong></span> <span class='ocrx_word' id='word_1_26' title='bbox 564 588 664 655; x_wconf 81' lang='grc' dir='ltr'><strong>τῆς</strong></span> <span class='ocrx_word' id='word_1_27' title='bbox 688 587 995 657; x_wconf 69' lang='grc' dir='ltr'>ἐπισκοπῆς</span> <span class='ocrx_word' id='word_1_28' title='bbox 1022 587 1156 656; x_wconf 70' lang='grc' dir='ltr'>ὕψος</span> <span class='ocrx_word' id='word_1_29' title='bbox 1185 588 1397 658; x_wconf 86' lang='grc' dir='ltr'>ἀθρόως</span> <span class='ocrx_word' id='word_1_30' title='bbox 1449 588 1748 657; x_wconf 85' lang='grc' dir='ltr'>ἀνάγεσθαι</span> <span class='ocrx_word' id='word_1_31' title='bbox 1785 602 1921 656; x_wconf 86' lang='grc' dir='ltr'>συγ-</span> 
     </span>
    </p>
   </div>
   <div class='ocr_carea' id='block_1_7' title="bbox 367 679 1923 751">
    <p class='ocr_par' dir='ltr' id='par_1_7' title="bbox 367 679 1923 751">
     <span class='ocr_line' id='line_1_7' title="bbox 367 679 1923 751; baseline 0 -18"><span class='ocrx_word' id='word_1_32' title='bbox 367 682 557 750; x_wconf 81' lang='grc' dir='ltr'>χωρεῖ·</span> <span class='ocrx_word' id='word_1_33' title='bbox 615 679 754 734; x_wconf 87' lang='grc' dir='ltr'>ἀλλά</span> <span class='ocrx_word' id='word_1_34' title='bbox 804 679 934 741; x_wconf 79' lang='grc' dir='ltr'>τοὺς</span> <span class='ocrx_word' id='word_1_35' title='bbox 990 682 1297 751; x_wconf 80' lang='grc' dir='ltr'>ίερατικοῦς</span> <span class='ocrx_word' id='word_1_36' title='bbox 1350 681 1613 751; x_wconf 90' lang='grc' dir='ltr'>πρότερον</span> <span class='ocrx_word' id='word_1_37' title='bbox 1681 680 1923 751; x_wconf 79' lang='grc' dir='ltr'>βαθμοὺς</span> 
     </span>
    </p>
   </div>
   <div class='ocr_carea' id='block_1_8' title="bbox 2023 567 3579 648">
    <p class='ocr_par' dir='ltr' id='par_1_8' title="bbox 2023 567 3579 648">
     <span class='ocr_line' id='line_1_8' title="bbox 2023 567 3579 648; baseline -0.002 -17"><span class='ocrx_word' id='word_1_38' title='bbox 2023 578 2171 648; x_wconf 92' lang='lat' dir='ltr'><strong>prius</strong></span> <span class='ocrx_word' id='word_1_39' title='bbox 2233 576 2525 646; x_wconf 84' lang='lat' dir='ltr'><strong>pervadere</strong></span> <span class='ocrx_word' id='word_1_40' title='bbox 2574 575 2951 639; x_wconf 63' lang='lat' dir='ltr'><strong>sacerdotales&#39;,</strong></span> <span class='ocrx_word' id='word_1_41' title='bbox 3011 576 3066 630; x_wconf 89' lang='lat' dir='ltr'><strong>in</strong></span> <span class='ocrx_word' id='word_1_42' title='bbox 3119 589 3332 646; x_wconf 86' lang='lat' dir='ltr'><strong>quoque</strong></span> <span class='ocrx_word' id='word_1_43' title='bbox 3376 567 3579 628; x_wconf 74' lang='lat' dir='ltr'><strong>‘ordine</strong></span> 
     </span>
    </p>
   </div>
   <div class='ocr_carea' id='block_1_9' title="bbox 2024 667 3585 741">
    <p class='ocr_par' dir='ltr' id='par_1_9' title="bbox 2024 667 3585 741">
     <span class='ocr_line' id='line_1_9' title="bbox 2024 667 3585 741; baseline -0.002 -16"><span class='ocrx_word' id='word_1_44' title='bbox 2024 672 2233 741; x_wconf 81' lang='lat' dir='ltr'><strong>legibus</strong></span> <span class='ocrx_word' id='word_1_45' title='bbox 2265 670 2529 741; x_wconf 76' lang='lat' dir='ltr'><strong>sancitum</strong></span> <span class='ocrx_word' id='word_1_46' title='bbox 2565 678 2773 738; x_wconf 80' lang='lat' dir='ltr'><strong>tempus</strong></span> <span class='ocrx_word' id='word_1_47' title='bbox 2810 669 3141 740; x_wconf 79' lang='lat' dir='ltr'><strong>explentem,</strong></span> <span class='ocrx_word' id='word_1_48' title='bbox 3188 677 3241 724; x_wconf 90' lang='lat' dir='ltr'><strong>et</strong></span> <span class='ocrx_word' id='word_1_49' title='bbox 3294 677 3419 723; x_wconf 89' lang='lat' dir='ltr'><strong>tunc</strong></span> <span class='ocrx_word' id='word_1_50' title='bbox 3467 667 3585 737; x_wconf 89' lang='lat' dir='ltr'><strong>epi-</strong></span> 
     </span>
    </p>
   </div>
   <div class='ocr_carea' id='block_1_10' title="bbox 258 731 1953 843">
    <p class='ocr_par' dir='ltr' id='par_1_10' title="bbox 258 731 1926 843">
     <span class='ocr_line' id='line_1_10' title="bbox 258 731 1926 843; baseline 0 -17"><span class='ocrx_word' id='word_1_51' title='bbox 258 810 261 811; x_wconf 51' lang='grc' dir='ltr'><strong>ν</strong></span> <span class='ocrx_word' id='word_1_52' title='bbox 368 731 675 842; x_wconf 53' lang='grc' dir='ltr'>πρόελθεῖν,</span> <span class='ocrx_word' id='word_1_53' title='bbox 711 775 770 827; x_wconf 89' lang='grc' dir='ltr'><strong>ἐν</strong></span> <span class='ocrx_word' id='word_1_54' title='bbox 827 731 1056 843; x_wconf 66' lang='grc' dir='ltr'><strong>ἑκάστῳ⁸</strong></span> <span class='ocrx_word' id='word_1_55' title='bbox 1082 731 1926 843; x_wconf 22' lang='grc' dir='ltr'>*τάγμάτινῖτδννῗνενοιίισμένον</span> 
     </span>
    </p>
   </div>
   <div class='ocr_carea' id='block_1_11' title="bbox 2057 731 2998 843">
    <p class='ocr_par' dir='ltr' id='par_1_11' title="bbox 2057 731 2998 833">
     <span class='ocr_line' id='line_1_11' title="bbox 2057 731 2998 833; baseline -0.001 -14"><span class='ocrx_word' id='word_1_56' title='bbox 2057 770 2276 833; x_wconf 84' lang='lat' dir='ltr'><strong>copatus</strong></span> <span class='ocrx_word' id='word_1_57' title='bbox 2302 731 2701 818; x_wconf 42' lang='lat' dir='ltr'><strong>orqlinationem</strong></span> <span class='ocrx_word' id='word_1_58' title='bbox 2730 761 2998 831; x_wconf 88' lang='lat' dir='ltr'><strong>accipere.</strong></span> 
     </span>
    </p>
   </div>
   <div class='ocr_carea' id='block_1_12' title="bbox 369 865 1923 937">
    <p class='ocr_par' dir='ltr' id='par_1_12' title="bbox 369 865 1923 937">
     <span class='ocr_line' id='line_1_12' title="bbox 369 865 1923 937; baseline -0.001 -18"><span class='ocrx_word' id='word_1_59' title='bbox 369 866 684 937; x_wconf 83' lang='grc' dir='ltr'>πληροῦντα</span> <span class='ocrx_word' id='word_1_60' title='bbox 710 866 921 937; x_wconf 85' lang='grc' dir='ltr'>χρόνον,</span> <span class='ocrx_word' id='word_1_61' title='bbox 952 866 1048 920; x_wconf 77' lang='grc' dir='ltr'>καὶ</span> <span class='ocrx_word' id='word_1_62' title='bbox 1076 867 1198 919; x_wconf 83' lang='grc' dir='ltr'>τότε</span> <span class='ocrx_word' id='word_1_63' title='bbox 1221 866 1321 937; x_wconf 80' lang='grc' dir='ltr'>τῆς</span> <span class='ocrx_word' id='word_1_64' title='bbox 1338 865 1644 934; x_wconf 78' lang='grc' dir='ltr'>ἐπισκοπῆς</span> <span class='ocrx_word' id='word_1_65' title='bbox 1675 867 1775 931; x_wconf 78' lang='grc' dir='ltr'>τὴν</span> <span class='ocrx_word' id='word_1_66' title='bbox 1808 881 1923 933; x_wconf 67' lang='grc' dir='ltr'>χει.</span> 
     </span>
    </p>
   </div>
   <div class='ocr_carea' id='block_1_13' title="bbox 372 959 1691 1031">
    <p class='ocr_par' dir='ltr' id='par_1_13' title="bbox 372 959 1691 1031">
     <span class='ocr_line' id='line_1_13' title="bbox 372 959 1691 1031; baseline -0.005 -16"><span class='ocrx_word' id='word_1_67' title='bbox 372 962 620 1031; x_wconf 83' lang='grc' dir='ltr'>ροτονίαν</span> <span class='ocrx_word' id='word_1_68' title='bbox 652 959 923 1030; x_wconf 80' lang='grc' dir='ltr'>δέχεσθαι.</span> <span class='ocrx_word' id='word_1_69' title='bbox 1684 984 1691 990; x_wconf 98' lang='grc'><strong>-</strong></span> 
     </span>
    </p>
   </div>
   <div class='ocr_carea' id='block_1_14' title="bbox 927 1052 1301 1108">
    <p class='ocr_par' dir='ltr' id='par_1_14' title="bbox 927 1052 1301 1108">
     <span class='ocr_line' id='line_1_14' title="bbox 927 1052 1301 1108; baseline 0.005 -2"><span class='ocrx_word' id='word_1_70' title='bbox 927 1052 1168 1106; x_wconf 74' lang='grc' dir='ltr'><strong>ΚΑΝΩΝ</strong></span> <span class='ocrx_word' id='word_1_71' title='bbox 1196 1054 1265 1107; x_wconf 83' lang='grc' dir='ltr'><strong>ῙΑ</strong></span> <span class='ocrx_word' id='word_1_72' title='bbox 1283 1092 1301 1108; x_wconf 90' lang='grc'><strong>.</strong></span> 
     </span>
    </p>
   </div>
   <div class='ocr_carea' id='block_1_15' title="bbox 2616 1059 2988 1118">
    <p class='ocr_par' dir='ltr' id='par_1_15' title="bbox 2616 1059 2988 1118">
     <span class='ocr_line' id='line_1_15' title="bbox 2616 1059 2988 1118; baseline 0 0"><span class='ocrx_word' id='word_1_73' title='bbox 2616 1060 2843 1118; x_wconf 75' lang='lat' dir='ltr'><strong>CANON</strong></span> <span class='ocrx_word' id='word_1_74' title='bbox 2897 1059 2988 1118; x_wconf 82' lang='lat' dir='ltr'><strong>XI.</strong></span> 
     </span>
    </p>
   </div>
   <div class='ocr_carea' id='block_1_16' title="bbox 379 1122 1953 1225">
    <p class='ocr_par' dir='ltr' id='par_1_16' title="bbox 379 1144 1924 1221">
     <span class='ocr_line' id='line_1_16' title="bbox 379 1144 1924 1221; baseline 0 -21"><span class='ocrx_word' id='word_1_75' title='bbox 379 1166 398 1200; x_wconf 80' lang='grc' dir='ltr'><strong>ι</strong></span> <span class='ocrx_word' id='word_1_76' title='bbox 436 1148 794 1214; x_wconf 85' lang='grc' dir='ltr'>Ἐπίσκοπος,</span> <span class='ocrx_word' id='word_1_77' title='bbox 822 1150 952 1205; x_wconf 78' lang='grc' dir='ltr'>ὅταν</span> <span class='ocrx_word' id='word_1_78' title='bbox 982 1150 1040 1216; x_wconf 82' lang='grc' dir='ltr'>ἐξ</span> <span class='ocrx_word' id='word_1_79' title='bbox 1063 1149 1261 1219; x_wconf 89' lang='grc' dir='ltr'>ἐτέρας</span> <span class='ocrx_word' id='word_1_80' title='bbox 1290 1149 1499 1213; x_wconf 88' lang='grc' dir='ltr'>πόλεως</span> <span class='ocrx_word' id='word_1_81' title='bbox 1552 1144 1924 1221; x_wconf 84' lang='grc' dir='ltr'>παραγίνηταί</span> 
     </span>
    </p>
   </div>
   <div class='ocr_carea' id='block_1_17' title="bbox 2057 1122 3607 1225">
    <p class='ocr_par' dir='ltr' id='par_1_17' title="bbox 2079 1122 3607 1225">
     <span class='ocr_line' id='line_1_17' title="bbox 2079 1122 3607 1225; baseline -0.005 -15"><span class='ocrx_word' id='word_1_82' title='bbox 2079 1157 2302 1224; x_wconf 83' lang='lat' dir='ltr'><strong>Quando</strong></span> <span class='ocrx_word' id='word_1_83' title='bbox 2331 1156 2614 1225; x_wconf 89' lang='lat' dir='ltr'><strong>episcopus</strong></span> <span class='ocrx_word' id='word_1_84' title='bbox 2641 1170 2704 1210; x_wconf 83' lang='lat' dir='ltr'><strong>ex</strong></span> <span class='ocrx_word' id='word_1_85' title='bbox 2730 1155 2832 1207; x_wconf 89' lang='lat' dir='ltr'><strong>alia</strong></span> <span class='ocrx_word' id='word_1_86' title='bbox 2863 1153 3079 1208; x_wconf 89' lang='lat' dir='ltr'><strong>civitate</strong></span> <span class='ocrx_word' id='word_1_87' title='bbox 3111 1154 3163 1206; x_wconf 93' lang='lat' dir='ltr'><strong>in</strong></span> <span class='ocrx_word' id='word_1_88' title='bbox 3196 1122 3355 1207; x_wconf 79' lang='lat' dir='ltr'><strong>aliam</strong></span> <span class='ocrx_word' id='word_1_89' title='bbox 3389 1153 3607 1207; x_wconf 10' lang='lat' dir='ltr'><strong>civita-v</strong></span> 
     </span>
    </p>
   </div>
   <div class='ocr_carea' id='block_1_18' title="bbox 442 1241 1926 1315">
    <p class='ocr_par' dir='ltr' id='par_1_18' title="bbox 442 1241 1926 1315">
     <span class='ocr_line' id='line_1_18' title="bbox 442 1241 1926 1315; baseline 0 -21"><span class='ocrx_word' id='word_1_90' title='bbox 442 1261 461 1294; x_wconf 74' lang='grc' dir='ltr'><strong>ι</strong></span> <span class='ocrx_word' id='word_1_91' title='bbox 499 1242 580 1304; x_wconf 80' lang='grc' dir='ltr'><strong>είς</strong></span> <span class='ocrx_word' id='word_1_92' title='bbox 610 1242 806 1313; x_wconf 77' lang='grc' dir='ltr'>ἑτέραν</span> <span class='ocrx_word' id='word_1_93' title='bbox 854 1242 1031 1311; x_wconf 85' lang='grc' dir='ltr'>πόλιν,</span> <span class='ocrx_word' id='word_1_94' title='bbox 1063 1243 1097 1315; x_wconf 78' lang='grc' dir='ltr'>ἢ</span> <span class='ocrx_word' id='word_1_95' title='bbox 1130 1242 1238 1297; x_wconf 86' lang='grc' dir='ltr'>άπὸ</span> <span class='ocrx_word' id='word_1_96' title='bbox 1296 1243 1494 1314; x_wconf 84' lang='grc' dir='ltr'>ἐτέρας</span> <span class='ocrx_word' id='word_1_97' title='bbox 1542 1241 1812 1314; x_wconf 79' lang='grc' dir='ltr'><strong>ἐπαρχίας</strong></span> <span class='ocrx_word' id='word_1_98' title='bbox 1843 1243 1926 1303; x_wconf 80' lang='grc' dir='ltr'><strong>είς</strong></span> 
     </span>
    </p>
   </div>
   <div class='ocr_carea' id='block_1_19' title="bbox 447 1334 1928 1407">
    <p class='ocr_par' dir='ltr' id='par_1_19' title="bbox 447 1334 1928 1407">
     <span class='ocr_line' id='line_1_19' title="bbox 447 1334 1928 1407; baseline 0.001 -21"><span class='ocrx_word' id='word_1_99' title='bbox 447 1353 467 1386; x_wconf 77' lang='grc' dir='ltr'><strong>ι</strong></span> <span class='ocrx_word' id='word_1_100' title='bbox 510 1335 705 1406; x_wconf 77' lang='grc' dir='ltr'>ἑτέραν</span> <span class='ocrx_word' id='word_1_101' title='bbox 758 1335 1052 1407; x_wconf 76' lang='grc' dir='ltr'>ἐπαρχίαν,</span> <span class='ocrx_word' id='word_1_102' title='bbox 1119 1336 1334 1407; x_wconf 87' lang='grc' dir='ltr'>κόμπου</span> <span class='ocrx_word' id='word_1_103' title='bbox 1394 1336 1553 1406; x_wconf 83' lang='grc' dir='ltr'>χάριν</span> <span class='ocrx_word' id='word_1_104' title='bbox 1630 1334 1928 1404; x_wconf 82' lang='grc' dir='ltr'><strong>ἐγκωμίοις</strong></span> 
     </span>
    </p>
   </div>
   <div class='ocr_carea' id='block_1_20' title="bbox 444 1424 1927 1499">
    <p class='ocr_par' dir='ltr' id='par_1_20' title="bbox 444 1424 1927 1499">
     <span class='ocr_line' id='line_1_20' title="bbox 444 1424 1927 1499; baseline -0.001 -19"><span class='ocrx_word' id='word_1_105' title='bbox 444 1446 467 1480; x_wconf 79' lang='grc' dir='ltr'><strong>ι</strong></span> <span class='ocrx_word' id='word_1_106' title='bbox 502 1427 725 1490; x_wconf 75' lang='grc' dir='ltr'>οἰκείοις</span> <span class='ocrx_word' id='word_1_107' title='bbox 753 1427 1219 1499; x_wconf 84' lang='grc' dir='ltr'>ὑπηρετούμενος,</span> <span class='ocrx_word' id='word_1_108' title='bbox 1250 1427 1284 1495; x_wconf 75' lang='grc' dir='ltr'><strong>ἢ</strong></span> <span class='ocrx_word' id='word_1_109' title='bbox 1323 1428 1619 1497; x_wconf 77' lang='grc' dir='ltr'>θρησκείας</span> <span class='ocrx_word' id='word_1_110' title='bbox 1650 1424 1927 1482; x_wconf 83' lang='grc' dir='ltr'>καθοσιώ-</span> 
     </span>
    </p>
   </div>
   <div class='ocr_carea' id='block_1_21' title="bbox 453 1511 1930 1589">
    <p class='ocr_par' dir='ltr' id='par_1_21' title="bbox 453 1511 1930 1589">
     <span class='ocr_line' id='line_1_21' title="bbox 453 1511 1930 1589; baseline -0.001 -18"><span class='ocrx_word' id='word_1_111' title='bbox 453 1537 474 1571; x_wconf 81' lang='grc' dir='ltr'><strong>ι</strong></span> <span class='ocrx_word' id='word_1_112' title='bbox 515 1535 619 1581; x_wconf 84' lang='grc' dir='ltr'>σει,</span> <span class='ocrx_word' id='word_1_113' title='bbox 649 1519 745 1573; x_wconf 78' lang='grc' dir='ltr'>καὶ</span> <span class='ocrx_word' id='word_1_114' title='bbox 780 1520 1002 1573; x_wconf 86' lang='grc' dir='ltr'>πλείονα</span> <span class='ocrx_word' id='word_1_115' title='bbox 1029 1518 1222 1589; x_wconf 86' lang='grc' dir='ltr'>χρόνον</span> <span class='ocrx_word' id='word_1_116' title='bbox 1255 1511 1494 1589; x_wconf 87' lang='grc' dir='ltr'>βούλοιτο</span> <span class='ocrx_word' id='word_1_117' title='bbox 1546 1518 1775 1587; x_wconf 82' lang='grc' dir='ltr'>διάγειν,</span> <span class='ocrx_word' id='word_1_118' title='bbox 1835 1517 1930 1571; x_wconf 74' lang='grc' dir='ltr'>καὶ</span> 
     </span>
    </p>
   </div>
   <div class='ocr_carea' id='block_1_22' title="bbox 454 1612 1929 1682">
    <p class='ocr_par' dir='ltr' id='par_1_22' title="bbox 454 1612 1929 1682">
     <span class='ocr_line' id='line_1_22' title="bbox 454 1612 1929 1682; baseline -0.001 -18"><span class='ocrx_word' id='word_1_119' title='bbox 454 1630 473 1664; x_wconf 82' lang='grc' dir='ltr'><strong>ι</strong></span> <span class='ocrx_word' id='word_1_120' title='bbox 516 1612 591 1682; x_wconf 84' lang='grc' dir='ltr'>μὴ</span> <span class='ocrx_word' id='word_1_121' title='bbox 616 1613 645 1665; x_wconf 86' lang='grc' dir='ltr'><strong>ό</strong></span> <span class='ocrx_word' id='word_1_122' title='bbox 670 1612 770 1681; x_wconf 78' lang='grc' dir='ltr'>τῆς</span> <span class='ocrx_word' id='word_1_123' title='bbox 801 1613 1008 1676; x_wconf 82' lang='grc' dir='ltr'>πόλεως</span> <span class='ocrx_word' id='word_1_124' title='bbox 1043 1613 1260 1682; x_wconf 83' lang='grc' dir='ltr'>ἐκείνης</span> <span class='ocrx_word' id='word_1_125' title='bbox 1303 1612 1605 1676; x_wconf 83' lang='grc' dir='ltr'>ἐπίσκοπος</span> <span class='ocrx_word' id='word_1_126' title='bbox 1666 1612 1929 1681; x_wconf 78' lang='grc' dir='ltr'>ἔμπειρος</span> 
     </span>
    </p>
   </div>
   <div class='ocr_carea' id='block_1_23' title="bbox 454 1696 1933 1780">
    <p class='ocr_par' dir='ltr' id='par_1_23' title="bbox 454 1696 1933 1780">
     <span class='ocr_line' id='line_1_23' title="bbox 454 1696 1933 1780; baseline -0.001 -22"><span class='ocrx_word' id='word_1_127' title='bbox 454 1725 473 1758; x_wconf 76' lang='grc' dir='ltr'><strong>ι</strong></span> <span class='ocrx_word' id='word_1_128' title='bbox 512 1701 947 1780; x_wconf 81' lang='grc' dir='ltr'>ᾗδιδασκαλίας,</span> <span class='ocrx_word' id='word_1_129' title='bbox 1005 1706 1081 1776; x_wconf 78' lang='grc' dir='ltr'><strong>μὴ</strong></span> <span class='ocrx_word' id='word_1_130' title='bbox 1147 1696 1463 1777; x_wconf 78' lang='grc' dir='ltr'>καταφρονῇ</span> <span class='ocrx_word' id='word_1_131' title='bbox 1528 1706 1761 1767; x_wconf 86' lang='grc' dir='ltr'>ἐκείνου,</span> <span class='ocrx_word' id='word_1_132' title='bbox 1836 1705 1933 1758; x_wconf 74' lang='grc' dir='ltr'>καὶ</span> 
     </span>
    </p>
   </div>
   <div class='ocr_carea' id='block_1_24' title="bbox 2104 1244 3587 1329">
    <p class='ocr_par' dir='ltr' id='par_1_24' title="bbox 2104 1244 3587 1329">
     <span class='ocr_line' id='line_1_24' title="bbox 2104 1244 3587 1329; baseline -0.003 -28"><span class='ocrx_word' id='word_1_133' title='bbox 2104 1269 2123 1301; x_wconf 78' lang='grc' dir='ltr'><strong>ι</strong></span> <span class='ocrx_word' id='word_1_134' title='bbox 2160 1258 2291 1315; x_wconf 84' lang='lat' dir='ltr'><strong>tem,</strong></span> <span class='ocrx_word' id='word_1_135' title='bbox 2316 1250 2399 1303; x_wconf 85' lang='lat' dir='ltr'><strong>vel</strong></span> <span class='ocrx_word' id='word_1_136' title='bbox 2433 1263 2500 1302; x_wconf 78' lang='lat' dir='ltr'><strong>ex</strong></span> <span class='ocrx_word' id='word_1_137' title='bbox 2529 1248 2631 1302; x_wconf 89' lang='lat' dir='ltr'><strong>alia</strong></span> <span class='ocrx_word' id='word_1_138' title='bbox 2674 1245 2949 1316; x_wconf 86' lang='lat' dir='ltr'><strong>provincia</strong></span> <span class='ocrx_word' id='word_1_139' title='bbox 2982 1245 3033 1297; x_wconf 94' lang='lat' dir='ltr'><strong>in</strong></span> <span class='ocrx_word' id='word_1_140' title='bbox 3063 1244 3220 1299; x_wconf 89' lang='lat' dir='ltr'><strong>aliam</strong></span> <span class='ocrx_word' id='word_1_141' title='bbox 3256 1245 3587 1329; x_wconf 58' lang='lat' dir='ltr'><strong>proviilciam</strong></span> 
     </span>
    </p>
   </div>
   <div class='ocr_carea' id='block_1_25' title="bbox 2104 1337 3590 1409">
    <p class='ocr_par' dir='ltr' id='par_1_25' title="bbox 2104 1337 3590 1409">
     <span class='ocr_line' id='line_1_25' title="bbox 2104 1337 3590 1409; baseline -0.003 -15"><span class='ocrx_word' id='word_1_142' title='bbox 2104 1360 2123 1394; x_wconf 80' lang='grc' dir='ltr'><strong>ι</strong></span> <span class='ocrx_word' id='word_1_143' title='bbox 2160 1341 2474 1404; x_wconf 87' lang='lat' dir='ltr'><strong>accesserit,</strong></span> <span class='ocrx_word' id='word_1_144' title='bbox 2514 1340 2827 1407; x_wconf 77' lang='lat' dir='ltr'><strong>iactationis</strong></span> <span class='ocrx_word' id='word_1_145' title='bbox 2862 1339 3034 1409; x_wconf 85' lang='lat' dir='ltr'><strong>gratia</strong></span> <span class='ocrx_word' id='word_1_146' title='bbox 3077 1338 3308 1406; x_wconf 79' lang='lat' dir='ltr'><strong>propriis</strong></span> <span class='ocrx_word' id='word_1_147' title='bbox 3341 1337 3590 1390; x_wconf 80' lang='lat' dir='ltr'><strong>laudibus</strong></span> 
     </span>
    </p>
   </div>
   <div class='ocr_carea' id='block_1_26' title="bbox 2109 1430 3593 1501">
    <p class='ocr_par' dir='ltr' id='par_1_26' title="bbox 2109 1430 3593 1501">
     <span class='ocr_line' id='line_1_26' title="bbox 2109 1430 3593 1501; baseline -0.002 -14"><span class='ocrx_word' id='word_1_148' title='bbox 2109 1455 2127 1487; x_wconf 76' lang='grc' dir='ltr'><strong>ι</strong></span> <span class='ocrx_word' id='word_1_149' title='bbox 2165 1435 2428 1496; x_wconf 79' lang='lat' dir='ltr'><strong>serviens.</strong></span> <span class='ocrx_word' id='word_1_150' title='bbox 2454 1434 2536 1489; x_wconf 88' lang='lat' dir='ltr'><strong>vel</strong></span> <span class='ocrx_word' id='word_1_151' title='bbox 2569 1432 2844 1501; x_wconf 76' lang='lat' dir='ltr'><strong>religionis</strong></span> <span class='ocrx_word' id='word_1_152' title='bbox 2873 1430 3328 1495; x_wconf 84' lang='lat' dir='ltr'><strong>sanctiﬁcationi;</strong></span> <span class='ocrx_word' id='word_1_153' title='bbox 3372 1439 3425 1484; x_wconf 88' lang='lat' dir='ltr'><strong>et</strong></span> <span class='ocrx_word' id='word_1_154' title='bbox 3464 1430 3593 1484; x_wconf 82' lang='lat' dir='ltr'><strong>velit</strong></span> 
     </span>
    </p>
   </div>
   <div class='ocr_carea' id='block_1_27' title="bbox 2106 1506 3591 1599">
    <p class='ocr_par' dir='ltr' id='par_1_27' title="bbox 2106 1506 3591 1599">
     <span class='ocr_line' id='line_1_27' title="bbox 2106 1506 3591 1599; baseline -0.002 -21"><span class='ocrx_word' id='word_1_155' title='bbox 2106 1545 2125 1578; x_wconf 79' lang='grc' dir='ltr'><strong>ι</strong></span> <span class='ocrx_word' id='word_1_156' title='bbox 2164 1527 2390 1599; x_wconf 82' lang='lat' dir='ltr'><strong>longiori</strong></span> <span class='ocrx_word' id='word_1_157' title='bbox 2421 1536 2665 1595; x_wconf 89' lang='lat' dir='ltr'><strong>tempore</strong></span> <span class='ocrx_word' id='word_1_158' title='bbox 2696 1524 2805 1577; x_wconf 89' lang='lat' dir='ltr'><strong>illic</strong></span> <span class='ocrx_word' id='word_1_159' title='bbox 2833 1537 2993 1591; x_wconf 87' lang='lat' dir='ltr'><strong>agere</strong></span> <span class='ocrx_word' id='word_1_160' title='bbox 3019 1562 3036 1586; x_wconf 92' lang='lat'><strong>,</strong></span> <span class='ocrx_word' id='word_1_161' title='bbox 3071 1523 3216 1577; x_wconf 90' lang='lat' dir='ltr'><strong>illius</strong></span> <span class='ocrx_word' id='word_1_162' title='bbox 3246 1533 3427 1599; x_wconf 77' lang='lat' dir='ltr'><strong>autem</strong></span> <span class='ocrx_word' id='word_1_163' title='bbox 3455 1506 3591 1577; x_wconf 74' lang='lat' dir='ltr'><strong>civi-</strong></span> 
     </span>
    </p>
   </div>
   <div class='ocr_carea' id='block_1_28' title="bbox 2107 1598 3597 1688">
    <p class='ocr_par' dir='ltr' id='par_1_28' title="bbox 2107 1598 3597 1688">
     <span class='ocr_line' id='line_1_28' title="bbox 2107 1598 3597 1688; baseline 0 -18"><span class='ocrx_word' id='word_1_164' title='bbox 2107 1637 2126 1670; x_wconf 78' lang='grc' dir='ltr'><strong>ι</strong></span> <span class='ocrx_word' id='word_1_165' title='bbox 2164 1598 2289 1672; x_wconf 87' lang='lat' dir='ltr'><strong>tatis</strong></span> <span class='ocrx_word' id='word_1_166' title='bbox 2316 1614 2605 1688; x_wconf 82' lang='lat' dir='ltr'><strong>episcopus</strong></span> <span class='ocrx_word' id='word_1_167' title='bbox 2640 1614 2898 1671; x_wconf 82' lang='lat' dir='ltr'><strong>doctrinae</strong></span> <span class='ocrx_word' id='word_1_168' title='bbox 2920 1630 3023 1669; x_wconf 90' lang='lat' dir='ltr'><strong>non</strong></span> <span class='ocrx_word' id='word_1_169' title='bbox 3068 1614 3229 1675; x_wconf 81' lang='lat' dir='ltr'><strong>fuerit</strong></span> <span class='ocrx_word' id='word_1_170' title='bbox 3260 1598 3494 1684; x_wconf 88' lang='lat' dir='ltr'><strong>peritus:</strong></span> <span class='ocrx_word' id='word_1_171' title='bbox 3530 1630 3597 1670; x_wconf 92' lang='lat' dir='ltr'><strong>ne</strong></span> 
     </span>
    </p>
   </div>
   <div class='ocr_carea' id='block_1_29' title="bbox 2107 1707 3594 1778">
    <p class='ocr_par' dir='ltr' id='par_1_29' title="bbox 2107 1707 3594 1778">
     <span class='ocr_line' id='line_1_29' title="bbox 2107 1707 3594 1778; baseline -0.002 -15"><span class='ocrx_word' id='word_1_172' title='bbox 2107 1729 2126 1763; x_wconf 79' lang='grc' dir='ltr'><strong>ι</strong></span> <span class='ocrx_word' id='word_1_173' title='bbox 2170 1710 2321 1765; x_wconf 90' lang='lat' dir='ltr'><strong>illum</strong></span> <span class='ocrx_word' id='word_1_174' title='bbox 2378 1709 2663 1778; x_wconf 84' lang='lat' dir='ltr'><strong>despiciat,</strong></span> <span class='ocrx_word' id='word_1_175' title='bbox 2712 1716 2766 1765; x_wconf 89' lang='lat' dir='ltr'><strong>et</strong></span> <span class='ocrx_word' id='word_1_176' title='bbox 2827 1707 3161 1777; x_wconf 78' lang='lat' dir='ltr'><strong>frequentius</strong></span> <span class='ocrx_word' id='word_1_177' title='bbox 3224 1708 3594 1773; x_wconf 87' lang='lat' dir='ltr'><strong>concionetur,</strong></span> 
     </span>
    </p>
   </div>
   <div class='ocr_carea' id='block_1_30' title="bbox 452 1794 1953 1888">
    <p class='ocr_par' dir='ltr' id='par_1_30' title="bbox 452 1794 1932 1870">
     <span class='ocr_line' id='line_1_30' title="bbox 452 1794 1932 1870; baseline -0.001 -21"><span class='ocrx_word' id='word_1_178' title='bbox 452 1814 472 1848; x_wconf 76' lang='grc' dir='ltr'><strong>ι</strong></span> <span class='ocrx_word' id='word_1_179' title='bbox 506 1797 893 1869; x_wconf 76' lang='grc' dir='ltr'>συνεχέστερον</span> <span class='ocrx_word' id='word_1_180' title='bbox 924 1798 1111 1870; x_wconf 79' lang='grc' dir='ltr'>ὁμιλῇ,</span> <span class='ocrx_word' id='word_1_181' title='bbox 1166 1798 1555 1868; x_wconf 88' lang='grc' dir='ltr'>καταισχύνειν</span> <span class='ocrx_word' id='word_1_182' title='bbox 1602 1798 1697 1852; x_wconf 72' lang='grc' dir='ltr'>καὶ</span> <span class='ocrx_word' id='word_1_183' title='bbox 1729 1794 1932 1851; x_wconf 82' lang='grc' dir='ltr'>εὐτελί-</span> 
     </span>
    </p>
   </div>
   <div class='ocr_carea' id='block_1_31' title="bbox 2057 1794 3600 1888">
    <p class='ocr_par' dir='ltr' id='par_1_31' title="bbox 2107 1800 3600 1869">
     <span class='ocr_line' id='line_1_31' title="bbox 2107 1800 3600 1869; baseline -0.001 -14"><span class='ocrx_word' id='word_1_184' title='bbox 2107 1824 2127 1855; x_wconf 85' lang='grc'><strong><em>‹</em></strong></span> <span class='ocrx_word' id='word_1_185' title='bbox 2164 1803 2382 1859; x_wconf 84' lang='lat' dir='ltr'><strong>studens</strong></span> <span class='ocrx_word' id='word_1_186' title='bbox 2416 1804 2679 1858; x_wconf 91' lang='lat' dir='ltr'><strong>dedecore</strong></span> <span class='ocrx_word' id='word_1_187' title='bbox 2723 1801 2936 1857; x_wconf 77' lang='lat' dir='ltr'><strong>aﬂtccre</strong></span> <span class='ocrx_word' id='word_1_188' title='bbox 2971 1810 3025 1857; x_wconf 91' lang='lat' dir='ltr'><strong>et</strong></span> <span class='ocrx_word' id='word_1_189' title='bbox 3048 1800 3384 1869; x_wconf 85' lang='lat' dir='ltr'><strong>vilipeudere</strong></span> <span class='ocrx_word' id='word_1_190' title='bbox 3418 1816 3600 1869; x_wconf 89' lang='lat' dir='ltr'><strong>perso-</strong></span> 
     </span>
    </p>
   </div>
   <div class='ocr_carea' id='block_1_32' title="bbox 460 1888 1932 1959">
    <p class='ocr_par' dir='ltr' id='par_1_32' title="bbox 460 1888 1932 1959">
     <span class='ocr_line' id='line_1_32' title="bbox 460 1888 1932 1959; baseline 0.002 -19"><span class='ocrx_word' id='word_1_191' title='bbox 460 1905 478 1940; x_wconf 81' lang='grc' dir='ltr'><strong>ι</strong></span> <span class='ocrx_word' id='word_1_192' title='bbox 512 1888 628 1953; x_wconf 84' lang='grc' dir='ltr'>ζειν</span> <span class='ocrx_word' id='word_1_193' title='bbox 665 1890 729 1944; x_wconf 81' lang='grc' dir='ltr'>τὸ</span> <span class='ocrx_word' id='word_1_194' title='bbox 760 1889 1052 1959; x_wconf 83' lang='grc' dir='ltr'>πρόσωπον</span> <span class='ocrx_word' id='word_1_195' title='bbox 1078 1889 1171 1944; x_wconf 80' lang='grc' dir='ltr'><strong>τοῦ</strong></span> <span class='ocrx_word' id='word_1_196' title='bbox 1203 1891 1392 1944; x_wconf 80' lang='grc' dir='ltr'><strong>αὐτόθι</strong></span> <span class='ocrx_word' id='word_1_197' title='bbox 1419 1890 1719 1944; x_wconf 81' lang='grc' dir='ltr'>ἐπισκόπου</span> <span class='ocrx_word' id='word_1_198' title='bbox 1765 1905 1932 1943; x_wconf 85' lang='grc' dir='ltr'>σπου-</span> 
     </span>
    </p>
   </div>
   <div class='ocr_carea' id='block_1_33' title="bbox 460 1974 1939 2054">
    <p class='ocr_par' dir='ltr' id='par_1_33' title="bbox 460 1974 1939 2054">
     <span class='ocr_line' id='line_1_33' title="bbox 460 1974 1939 2054; baseline 0.001 -20"><span class='ocrx_word' id='word_1_199' title='bbox 460 1999 479 2033; x_wconf 82' lang='grc' dir='ltr'><strong>ι</strong></span> <span class='ocrx_word' id='word_1_200' title='bbox 510 1981 712 2044; x_wconf 78' lang='grc' dir='ltr'>δάζων.</span> <span class='ocrx_word' id='word_1_201' title='bbox 747 1982 899 2053; x_wconf 70' lang='grc' dir='ltr'>Αὕτη</span> <span class='ocrx_word' id='word_1_202' title='bbox 930 1985 1039 2053; x_wconf 88' lang='grc' dir='ltr'><strong>γάρ</strong></span> <span class='ocrx_word' id='word_1_203' title='bbox 1068 1985 1101 2053; x_wconf 80' lang='grc' dir='ltr'><strong>ἠ</strong></span> <span class='ocrx_word' id='word_1_204' title='bbox 1149 1974 1423 2053; x_wconf 78' lang='grc' dir='ltr'>πρόφασις</span> <span class='ocrx_word' id='word_1_205' title='bbox 1467 1982 1626 2036; x_wconf 73' lang='grc' dir='ltr'>εἴωθε</span> <span class='ocrx_word' id='word_1_206' title='bbox 1664 1982 1939 2054; x_wconf 82' lang='grc' dir='ltr'>ταράχους</span> 
     </span>
    </p>
   </div>
   <div class='ocr_carea' id='block_1_34' title="bbox 467 2074 1937 2145">
    <p class='ocr_par' dir='ltr' id='par_1_34' title="bbox 467 2074 1937 2145">
     <span class='ocr_line' id='line_1_34' title="bbox 467 2074 1937 2145; baseline 0 -16"><span class='ocrx_word' id='word_1_207' title='bbox 467 2096 486 2129; x_wconf 79' lang='grc' dir='ltr'><strong>ι</strong></span> <span class='ocrx_word' id='word_1_208' title='bbox 529 2078 727 2137; x_wconf 80' lang='grc' dir='ltr'>ποιεῖν,</span> <span class='ocrx_word' id='word_1_209' title='bbox 758 2077 853 2130; x_wconf 78' lang='grc' dir='ltr'>καὶ</span> <span class='ocrx_word' id='word_1_210' title='bbox 899 2076 966 2129; x_wconf 87' lang='grc' dir='ltr'><strong>ἐκ</strong></span> <span class='ocrx_word' id='word_1_211' title='bbox 988 2075 1091 2143; x_wconf 81' lang='grc' dir='ltr'>τῆς</span> <span class='ocrx_word' id='word_1_212' title='bbox 1138 2074 1392 2144; x_wconf 85' lang='grc' dir='ltr'>τοιαύτης</span> <span class='ocrx_word' id='word_1_213' title='bbox 1446 2074 1781 2145; x_wconf 87' lang='grc' dir='ltr'>πανουργίας</span> <span class='ocrx_word' id='word_1_214' title='bbox 1837 2075 1937 2143; x_wconf 80' lang='grc' dir='ltr'>τὴν</span> 
     </span>
    </p>
   </div>
   <div class='ocr_carea' id='block_1_35' title="bbox 458 2164 1938 2238">
    <p class='ocr_par' dir='ltr' id='par_1_35' title="bbox 458 2164 1938 2238">
     <span class='ocr_line' id='line_1_35' title="bbox 458 2164 1938 2238; baseline -0.001 -17"><span class='ocrx_word' id='word_1_215' title='bbox 458 2187 478 2221; x_wconf 79' lang='grc' dir='ltr'><strong>ι</strong></span> <span class='ocrx_word' id='word_1_216' title='bbox 517 2166 806 2238; x_wconf 81' lang='grc' dir='ltr'>ἀλλοτρίαν</span> <span class='ocrx_word' id='word_1_217' title='bbox 858 2167 1128 2236; x_wconf 80' lang='grc' dir='ltr'>καθέδραν</span> <span class='ocrx_word' id='word_1_218' title='bbox 1193 2164 1369 2235; x_wconf 79' lang='grc' dir='ltr'>ἐαυτῷ</span> <span class='ocrx_word' id='word_1_219' title='bbox 1429 2165 1938 2237; x_wconf 85' lang='grc' dir='ltr'>προμνηστεύεσθαι</span> 
     </span>
    </p>
   </div>
   <div class='ocr_carea' id='block_1_36' title="bbox 457 2257 1938 2332">
    <p class='ocr_par' dir='ltr' id='par_1_36' title="bbox 457 2257 1938 2332">
     <span class='ocr_line' id='line_1_36' title="bbox 457 2257 1938 2332; baseline -0.004 -16"><span class='ocrx_word' id='word_1_220' title='bbox 457 2280 479 2315; x_wconf 78' lang='grc' dir='ltr'><strong>ι</strong></span> <span class='ocrx_word' id='word_1_221' title='bbox 518 2261 612 2316; x_wconf 81' lang='grc' dir='ltr'>καὶ</span> <span class='ocrx_word' id='word_1_222' title='bbox 642 2259 1033 2332; x_wconf 79' lang='grc' dir='ltr'>παρασπᾶσθαι</span> <span class='ocrx_word' id='word_1_223' title='bbox 1069 2259 1381 2323; x_wconf 75' lang='grc' dir='ltr'>σπουδάζει,</span> <span class='ocrx_word' id='word_1_224' title='bbox 1410 2258 1483 2330; x_wconf 85' lang='grc' dir='ltr'>μὴ</span> <span class='ocrx_word' id='word_1_225' title='bbox 1523 2257 1795 2320; x_wconf 78' lang='grc' dir='ltr'>διστάζων</span> <span class='ocrx_word' id='word_1_226' title='bbox 1837 2258 1938 2329; x_wconf 84' lang='grc' dir='ltr'><strong>τὴν</strong></span> 
     </span>
    </p>
   </div>
   <div class='ocr_carea' id='block_1_37' title="bbox 458 2350 1939 2425">
    <p class='ocr_par' dir='ltr' id='par_1_37' title="bbox 458 2350 1939 2425">
     <span class='ocr_line' id='line_1_37' title="bbox 458 2350 1939 2425; baseline -0.003 -18"><span class='ocrx_word' id='word_1_227' title='bbox 458 2373 477 2407; x_wconf 80' lang='grc' dir='ltr'><strong>ι</strong></span> <span class='ocrx_word' id='word_1_228' title='bbox 514 2355 667 2425; x_wconf 86' lang='grc' dir='ltr'><strong>αύτῷ</strong></span> <span class='ocrx_word' id='word_1_229' title='bbox 691 2353 1093 2425; x_wconf 85' lang='grc' dir='ltr'>παραδοθεῖσαν</span> <span class='ocrx_word' id='word_1_230' title='bbox 1128 2352 1431 2421; x_wconf 84' lang='grc' dir='ltr'>ἐκκλησίαν</span> <span class='ocrx_word' id='word_1_231' title='bbox 1477 2350 1939 2421; x_wconf 80' lang='grc' dir='ltr'>καταλιμπάνειν,</span> 
     </span>
    </p>
   </div>
   <div class='ocr_carea' id='block_1_38' title="bbox 466 2441 1943 2517">
    <p class='ocr_par' dir='ltr' id='par_1_38' title="bbox 466 2441 1943 2517">
     <span class='ocr_line' id='line_1_38' title="bbox 466 2441 1943 2517; baseline -0.002 -19"><span class='ocrx_word' id='word_1_232' title='bbox 466 2463 485 2497; x_wconf 79' lang='grc' dir='ltr'><strong>ι</strong></span> <span class='ocrx_word' id='word_1_233' title='bbox 522 2446 620 2499; x_wconf 77' lang='grc' dir='ltr'>καὶ</span> <span class='ocrx_word' id='word_1_234' title='bbox 644 2447 723 2510; x_wconf 89' lang='grc' dir='ltr'><strong>είς</strong></span> <span class='ocrx_word' id='word_1_235' title='bbox 758 2445 953 2517; x_wconf 87' lang='grc' dir='ltr'>ἐτέραν</span> <span class='ocrx_word' id='word_1_236' title='bbox 983 2444 1362 2513; x_wconf 83' lang='grc' dir='ltr'>μεθίστασθαι.</span> <span class='ocrx_word' id='word_1_237' title='bbox 1408 2443 1690 2514; x_wconf 86' lang='grc' dir='ltr'>Ὀριστέον</span> <span class='ocrx_word' id='word_1_238' title='bbox 1716 2441 1811 2495; x_wconf 81' lang='grc' dir='ltr'>οὖν</span> <span class='ocrx_word' id='word_1_239' title='bbox 1846 2442 1943 2495; x_wconf 74' lang='grc' dir='ltr'>ἐπὶ</span> 
     </span>
    </p>
   </div>
   <div class='ocr_carea' id='block_1_39' title="bbox 461 2533 1945 2609">
    <p class='ocr_par' dir='ltr' id='par_1_39' title="bbox 461 2533 1945 2609">
     <span class='ocr_line' id='line_1_39' title="bbox 461 2533 1945 2609; baseline -0.003 -18"><span class='ocrx_word' id='word_1_240' title='bbox 461 2555 481 2590; x_wconf 74' lang='grc' dir='ltr'><strong>ι</strong></span> <span class='ocrx_word' id='word_1_241' title='bbox 516 2536 692 2607; x_wconf 87' lang='grc' dir='ltr'>τούτῳ</span> <span class='ocrx_word' id='word_1_242' title='bbox 723 2536 937 2609; x_wconf 80' lang='grc' dir='ltr'>χρόνοψ</span> <span class='ocrx_word' id='word_1_243' title='bbox 989 2535 1175 2607; x_wconf 82' lang='grc' dir='ltr'>ἐπειδὴ</span> <span class='ocrx_word' id='word_1_244' title='bbox 1229 2533 1325 2588; x_wconf 74' lang='grc' dir='ltr'><strong>καί</strong></span> <span class='ocrx_word' id='word_1_245' title='bbox 1357 2535 1417 2587; x_wconf 84' lang='grc' dir='ltr'>τὸ</span> <span class='ocrx_word' id='word_1_246' title='bbox 1463 2537 1538 2604; x_wconf 82' lang='grc' dir='ltr'>μὴ</span> <span class='ocrx_word' id='word_1_247' title='bbox 1587 2534 1945 2606; x_wconf 84' lang='grc' dir='ltr'>ὑποδέχεσθαι</span> 
     </span>
    </p>
   </div>
   <div class='ocr_carea' id='block_1_40' title="bbox 466 2620 1946 2694">
    <p class='ocr_par' dir='ltr' id='par_1_40' title="bbox 466 2620 1946 2694">
     <span class='ocr_line' id='line_1_40' title="bbox 466 2620 1946 2694; baseline -0.002 -14"><span class='ocrx_word' id='word_1_248' title='bbox 466 2646 487 2680; x_wconf 76' lang='grc' dir='ltr'><strong>ι</strong></span> <span class='ocrx_word' id='word_1_249' title='bbox 522 2628 822 2683; x_wconf 82' lang='grc' dir='ltr'>ἐπίσκοπον</span> <span class='ocrx_word' id='word_1_250' title='bbox 852 2626 961 2681; x_wconf 87' lang='grc' dir='ltr'><strong>τῶν</strong></span> <span class='ocrx_word' id='word_1_251' title='bbox 986 2624 1369 2694; x_wconf 85' lang='grc' dir='ltr'>άπανθρώπων</span> <span class='ocrx_word' id='word_1_252' title='bbox 1404 2624 1501 2679; x_wconf 74' lang='grc' dir='ltr'>καὶ</span> <span class='ocrx_word' id='word_1_253' title='bbox 1549 2624 1754 2678; x_wconf 84' lang='grc' dir='ltr'>σκαιῶν</span> <span class='ocrx_word' id='word_1_254' title='bbox 1805 2620 1946 2677; x_wconf 79' lang='grc' dir='ltr'>εἶναι</span> 
     </span>
    </p>
   </div>
   <div class='ocr_carea' id='block_1_41' title="bbox 467 2716 1948 2790">
    <p class='ocr_par' dir='ltr' id='par_1_41' title="bbox 467 2716 1948 2790">
     <span class='ocr_line' id='line_1_41' title="bbox 467 2716 1948 2790; baseline 0 -19"><span class='ocrx_word' id='word_1_255' title='bbox 467 2741 485 2771; x_wconf 75' lang='grc' dir='ltr'><strong>ι</strong></span> <span class='ocrx_word' id='word_1_256' title='bbox 518 2721 855 2790; x_wconf 82' lang='grc' dir='ltr'>νενόμισται.</span> <span class='ocrx_word' id='word_1_257' title='bbox 912 2718 1208 2789; x_wconf 80' lang='grc' dir='ltr'>Μέμνησθε</span> <span class='ocrx_word' id='word_1_258' title='bbox 1257 2718 1314 2771; x_wconf 87' lang='grc' dir='ltr'><strong>δέ</strong></span> <span class='ocrx_word' id='word_1_259' title='bbox 1387 2718 1444 2770; x_wconf 87' lang='grc' dir='ltr'><strong>ἐν</strong></span> <span class='ocrx_word' id='word_1_260' title='bbox 1516 2716 1595 2787; x_wconf 84' lang='grc' dir='ltr'><strong>τῷ</strong></span> <span class='ocrx_word' id='word_1_261' title='bbox 1652 2720 1948 2789; x_wconf 87' lang='grc' dir='ltr'>προάγοντι</span> 
     </span>
    </p>
   </div>
   <div class='ocr_carea' id='block_1_42' title="bbox 469 2810 1955 2883">
    <p class='ocr_par' dir='ltr' id='par_1_42' title="bbox 469 2810 1955 2883">
     <span class='ocr_line' id='line_1_42' title="bbox 469 2810 1955 2883; baseline -0.001 -19"><span class='ocrx_word' id='word_1_262' title='bbox 469 2832 488 2864; x_wconf 76' lang='grc' dir='ltr'><strong>ι</strong></span> <span class='ocrx_word' id='word_1_263' title='bbox 527 2813 707 2883; x_wconf 82' lang='grc' dir='ltr'>χρόνῳ</span> <span class='ocrx_word' id='word_1_264' title='bbox 741 2814 867 2876; x_wconf 80' lang='grc' dir='ltr'>τοὺς</span> <span class='ocrx_word' id='word_1_265' title='bbox 892 2812 1141 2882; x_wconf 87' lang='grc' dir='ltr'>Πατέρας</span> <span class='ocrx_word' id='word_1_266' title='bbox 1186 2810 1347 2881; x_wconf 81' lang='grc' dir='ltr'>ἡμῶν</span> <span class='ocrx_word' id='word_1_267' title='bbox 1393 2810 1732 2882; x_wconf 80' lang='grc' dir='ltr'>κεκρικέναι.</span> <span class='ocrx_word' id='word_1_268' title='bbox 1764 2811 1867 2872; x_wconf 82' lang='grc' dir='ltr'>ἵνα,</span> <span class='ocrx_word' id='word_1_269' title='bbox 1900 2810 1955 2862; x_wconf 78' lang='grc' dir='ltr'>ετ</span> 
     </span>
    </p>
   </div>
   <div class='ocr_carea' id='block_1_43' title="bbox 467 2890 1952 2973">
    <p class='ocr_par' dir='ltr' id='par_1_43' title="bbox 467 2890 1952 2973">
     <span class='ocr_line' id='line_1_43' title="bbox 467 2890 1952 2973; baseline -0.001 -18"><span class='ocrx_word' id='word_1_270' title='bbox 467 2922 486 2955; x_wconf 75' lang='grc' dir='ltr'><strong>ι</strong></span> <span class='ocrx_word' id='word_1_271' title='bbox 519 2921 605 2966; x_wconf 89' lang='grc' dir='ltr'><strong>τις</strong></span> <span class='ocrx_word' id='word_1_272' title='bbox 664 2903 850 2967; x_wconf 81' lang='grc' dir='ltr'>λαῖκὸς</span> <span class='ocrx_word' id='word_1_273' title='bbox 897 2906 956 2957; x_wconf 90' lang='grc' dir='ltr'><strong>ἐν</strong></span> <span class='ocrx_word' id='word_1_274' title='bbox 1015 2903 1166 2957; x_wconf 86' lang='grc' dir='ltr'>πόλει</span> <span class='ocrx_word' id='word_1_275' title='bbox 1221 2890 1425 2970; x_wconf 78' lang='grc' dir='ltr'>διάγων</span> <span class='ocrx_word' id='word_1_276' title='bbox 1477 2905 1625 2973; x_wconf 82' lang='grc' dir='ltr'>τρεῖς</span> <span class='ocrx_word' id='word_1_277' title='bbox 1681 2900 1952 2971; x_wconf 85' lang='grc' dir='ltr'>κυριακὰς</span> 
     </span>
    </p>
   </div>
   <div class='ocr_carea' id='block_1_44' title="bbox 466 2993 1949 3066">
    <p class='ocr_par' dir='ltr' id='par_1_44' title="bbox 466 2993 1949 3066">
     <span class='ocr_line' id='line_1_44' title="bbox 466 2993 1949 3066; baseline -0.003 -18"><span class='ocrx_word' id='word_1_278' title='bbox 466 3013 485 3047; x_wconf 82' lang='grc' dir='ltr'><strong>ι</strong></span> <span class='ocrx_word' id='word_1_279' title='bbox 524 2994 738 3066; x_wconf 78' lang='grc' dir='ltr'>ἡμέρας</span> <span class='ocrx_word' id='word_1_280' title='bbox 784 2995 844 3048; x_wconf 88' lang='grc' dir='ltr'><strong>ἐν</strong></span> <span class='ocrx_word' id='word_1_281' title='bbox 889 2994 1069 3064; x_wconf 71' lang='grc' dir='ltr'>τρισὶν</span> <span class='ocrx_word' id='word_1_282' title='bbox 1123 2993 1381 3061; x_wconf 77' lang='grc' dir='ltr'>ἑϐδομάσι</span> <span class='ocrx_word' id='word_1_283' title='bbox 1455 2993 1531 3062; x_wconf 83' lang='grc' dir='ltr'>μὴ</span> <span class='ocrx_word' id='word_1_284' title='bbox 1611 2993 1949 3062; x_wconf 89' lang='grc' dir='ltr'>συνέρχοιτο,</span> 
     </span>
    </p>
   </div>
   <div class='ocr_carea' id='block_1_45' title="bbox 473 3084 1951 3155">
    <p class='ocr_par' dir='ltr' id='par_1_45' title="bbox 473 3084 1951 3155">
     <span class='ocr_line' id='line_1_45' title="bbox 473 3084 1951 3155; baseline -0.001 -18"><span class='ocrx_word' id='word_1_285' title='bbox 473 3105 491 3137; x_wconf 81' lang='grc' dir='ltr'><strong>ι</strong></span> <span class='ocrx_word' id='word_1_286' title='bbox 538 3087 849 3139; x_wconf 82' lang='grc' dir='ltr'>ὀποκινοῖτο</span> <span class='ocrx_word' id='word_1_287' title='bbox 886 3085 986 3155; x_wconf 83' lang='grc' dir='ltr'>τῆς</span> <span class='ocrx_word' id='word_1_288' title='bbox 1017 3084 1323 3146; x_wconf 86' lang='grc' dir='ltr'>κοινωνίας.</span> <span class='ocrx_word' id='word_1_289' title='bbox 1375 3085 1439 3138; x_wconf 72' lang='lat' dir='ltr'><strong>Et</strong></span> <span class='ocrx_word' id='word_1_290' title='bbox 1464 3084 1642 3137; x_wconf 87' lang='grc' dir='ltr'>τοίνυν</span> <span class='ocrx_word' id='word_1_291' title='bbox 1667 3084 1795 3153; x_wconf 76' lang='grc' dir='ltr'>περὶ</span> <span class='ocrx_word' id='word_1_292' title='bbox 1839 3084 1951 3136; x_wconf 80' lang='grc' dir='ltr'><strong>τῶν</strong></span> 
     </span>
    </p>
   </div>
   <div class='ocr_carea' id='block_1_46' title="bbox 2113 1892 3599 1965">
    <p class='ocr_par' dir='ltr' id='par_1_46' title="bbox 2113 1892 3599 1965">
     <span class='ocr_line' id='line_1_46' title="bbox 2113 1892 3599 1965; baseline -0.002 -18"><span class='ocrx_word' id='word_1_293' title='bbox 2113 1913 2133 1947; x_wconf 74' lang='grc' dir='ltr'><strong>ι</strong></span> <span class='ocrx_word' id='word_1_294' title='bbox 2167 1910 2289 1949; x_wconf 90' lang='lat' dir='ltr'><strong>nam</strong></span> <span class='ocrx_word' id='word_1_295' title='bbox 2325 1894 2600 1964; x_wconf 87' lang='lat' dir='ltr'><strong>episcopi,</strong></span> <span class='ocrx_word' id='word_1_296' title='bbox 2629 1893 2718 1965; x_wconf 87' lang='lat' dir='ltr'><strong>qui</strong></span> <span class='ocrx_word' id='word_1_297' title='bbox 2749 1892 2821 1948; x_wconf 90' lang='lat' dir='ltr'><strong>ibi</strong></span> <span class='ocrx_word' id='word_1_298' title='bbox 2857 1903 2961 1948; x_wconf 90' lang='lat' dir='ltr'><strong>est.</strong></span> <span class='ocrx_word' id='word_1_299' title='bbox 2994 1892 3090 1946; x_wconf 85' lang='lat' dir='ltr'><strong>Hic</strong></span> <span class='ocrx_word' id='word_1_300' title='bbox 3117 1892 3261 1945; x_wconf 89' lang='lat' dir='ltr'><strong>enim</strong></span> <span class='ocrx_word' id='word_1_301' title='bbox 3305 1900 3599 1960; x_wconf 75' lang='lat' dir='ltr'><strong>przetextus</strong></span> 
     </span>
    </p>
   </div>
   <div class='ocr_carea' id='block_1_47' title="bbox 2112 1984 3599 2051">
    <p class='ocr_par' dir='ltr' id='par_1_47' title="bbox 2112 1984 3599 2051">
     <span class='ocr_line' id='line_1_47' title="bbox 2112 1984 3599 2051; baseline -0.005 -11"><span class='ocrx_word' id='word_1_302' title='bbox 2112 2007 2130 2040; x_wconf 83' lang='grc' dir='ltr'><strong>ι</strong></span> <span class='ocrx_word' id='word_1_303' title='bbox 2170 1986 2303 2042; x_wconf 82' lang='lat' dir='ltr'><strong>solet</strong></span> <span class='ocrx_word' id='word_1_304' title='bbox 2348 1987 2536 2042; x_wconf 85' lang='lat' dir='ltr'><strong>turbas</strong></span> <span class='ocrx_word' id='word_1_305' title='bbox 2583 1985 2858 2051; x_wconf 81' lang='lat' dir='ltr'><strong>excitare,</strong></span> <span class='ocrx_word' id='word_1_306' title='bbox 2904 1995 2956 2039; x_wconf 86' lang='lat' dir='ltr'><strong>et</strong></span> <span class='ocrx_word' id='word_1_307' title='bbox 2999 1985 3263 2051; x_wconf 83' lang='lat' dir='ltr'><strong>ejusmodi</strong></span> <span class='ocrx_word' id='word_1_308' title='bbox 3308 1984 3599 2038; x_wconf 83' lang='lat' dir='ltr'><strong>calliditate</strong></span> 
     </span>
    </p>
   </div>
   <div class='ocr_carea' id='block_1_48' title="bbox 2111 2074 3604 2143">
    <p class='ocr_par' dir='ltr' id='par_1_48' title="bbox 2111 2074 3604 2143">
     <span class='ocr_line' id='line_1_48' title="bbox 2111 2074 3604 2143; baseline -0.004 -9"><span class='ocrx_word' id='word_1_309' title='bbox 2111 2081 2394 2135; x_wconf 69' lang='lat' dir='ltr'><strong>«alienam</strong></span> <span class='ocrx_word' id='word_1_310' title='bbox 2456 2080 2635 2136; x_wconf 88' lang='lat' dir='ltr'><strong>sedem</strong></span> <span class='ocrx_word' id='word_1_311' title='bbox 2693 2078 2795 2135; x_wconf 88' lang='lat' dir='ltr'><strong>sibi</strong></span> <span class='ocrx_word' id='word_1_312' title='bbox 2856 2077 3145 2133; x_wconf 89' lang='lat' dir='ltr'><strong>conciliare</strong></span> <span class='ocrx_word' id='word_1_313' title='bbox 3207 2084 3277 2143; x_wconf 14' lang='lat' dir='ltr'><strong>et,</strong></span> <span class='ocrx_word' id='word_1_314' title='bbox 3332 2074 3604 2129; x_wconf 83' lang='lat' dir='ltr'><strong>attrahere</strong></span> 
     </span>
    </p>
   </div>
   <div class='ocr_carea' id='block_1_49' title="bbox 2118 2168 3607 2236">
    <p class='ocr_par' dir='ltr' id='par_1_49' title="bbox 2118 2168 3607 2236">
     <span class='ocr_line' id='line_1_49' title="bbox 2118 2168 3607 2236; baseline -0.005 -10"><span class='ocrx_word' id='word_1_315' title='bbox 2118 2192 2137 2226; x_wconf 78' lang='grc' dir='ltr'><strong>ι</strong></span> <span class='ocrx_word' id='word_1_316' title='bbox 2174 2173 2372 2236; x_wconf 88' lang='lat' dir='ltr'><strong>studet,</strong></span> <span class='ocrx_word' id='word_1_317' title='bbox 2403 2172 2670 2227; x_wconf 90' lang='lat' dir='ltr'><strong>cum&#39;non</strong></span> <span class='ocrx_word' id='word_1_318' title='bbox 2720 2170 2927 2227; x_wconf 85' lang='lat' dir='ltr'><strong>dubitet</strong></span> <span class='ocrx_word' id='word_1_319' title='bbox 2962 2170 3062 2225; x_wconf 84' lang='lat' dir='ltr'><strong>sibi</strong></span> <span class='ocrx_word' id='word_1_320' title='bbox 3119 2168 3365 2224; x_wconf 86' lang='lat' dir='ltr'><strong>traditam</strong></span> <span class='ocrx_word' id='word_1_321' title='bbox 3423 2168 3607 2220; x_wconf 78' lang='lat' dir='ltr'><strong>Eccle-</strong></span> 
     </span>
    </p>
   </div>
   <div class='ocr_carea' id='block_1_50' title="bbox 2118 2261 3606 2335">
    <p class='ocr_par' dir='ltr' id='par_1_50' title="bbox 2118 2261 3606 2335">
     <span class='ocr_line' id='line_1_50' title="bbox 2118 2261 3606 2335; baseline -0.001 -19"><span class='ocrx_word' id='word_1_322' title='bbox 2118 2284 2136 2316; x_wconf 88' lang='grc'><strong><em>‹</em></strong></span> <span class='ocrx_word' id='word_1_323' title='bbox 2174 2266 2311 2320; x_wconf 91' lang='lat' dir='ltr'><strong>siam</strong></span> <span class='ocrx_word' id='word_1_324' title='bbox 2343 2266 2669 2335; x_wconf 87' lang='lat' dir='ltr'><strong>relinquere,</strong></span> <span class='ocrx_word' id='word_1_325' title='bbox 2715 2274 2769 2318; x_wconf 88' lang='lat' dir='ltr'><strong>et</strong></span> <span class='ocrx_word' id='word_1_326' title='bbox 2811 2264 2864 2317; x_wconf 92' lang='lat' dir='ltr'><strong>in</strong></span> <span class='ocrx_word' id='word_1_327' title='bbox 2905 2263 3062 2317; x_wconf 88' lang='lat' dir='ltr'><strong>aliam</strong></span> <span class='ocrx_word' id='word_1_328' title='bbox 3092 2262 3344 2316; x_wconf 90' lang='lat' dir='ltr'><strong>transire.</strong></span> <span class='ocrx_word' id='word_1_329' title='bbox 3395 2261 3473 2313; x_wconf 85' lang='lat' dir='ltr'><strong>Ad</strong></span> <span class='ocrx_word' id='word_1_330' title='bbox 3505 2261 3606 2314; x_wconf 87' lang='lat' dir='ltr'><strong>hoc</strong></span> 
     </span>
    </p>
   </div>
   <div class='ocr_carea' id='block_1_51' title="bbox 2120 2355 3605 2429">
    <p class='ocr_par' dir='ltr' id='par_1_51' title="bbox 2120 2355 3605 2429">
     <span class='ocr_line' id='line_1_51' title="bbox 2120 2355 3605 2429; baseline -0.005 -19"><span class='ocrx_word' id='word_1_331' title='bbox 2120 2378 2138 2410; x_wconf 76' lang='grc' dir='ltr'><strong>ι</strong></span> <span class='ocrx_word' id='word_1_332' title='bbox 2170 2373 2300 2429; x_wconf 88' lang='lat' dir='ltr'><strong>ergo</strong></span> <span class='ocrx_word' id='word_1_333' title='bbox 2331 2369 2541 2428; x_wconf 90' lang='lat' dir='ltr'><strong>tempus</strong></span> <span class='ocrx_word' id='word_1_334' title='bbox 2572 2357 2933 2413; x_wconf 76' lang='lat' dir='ltr'><strong>deliniendam</strong></span> <span class='ocrx_word' id='word_1_335' title='bbox 2978 2365 3059 2411; x_wconf 89' lang='lat' dir='ltr'><strong>est</strong></span> <span class='ocrx_word' id='word_1_336' title='bbox 3086 2374 3100 2410; x_wconf 88' lang='lat'><strong>:</strong></span> <span class='ocrx_word' id='word_1_337' title='bbox 3142 2370 3262 2409; x_wconf 87' lang='lat' dir='ltr'><strong>nam</strong></span> <span class='ocrx_word' id='word_1_338' title='bbox 3296 2355 3605 2418; x_wconf 79' lang='lat' dir='ltr'><strong>episcopum</strong></span> 
     </span>
    </p>
   </div>
   <div class='ocr_carea' id='block_1_52' title="bbox 2120 2447 3605 2521">
    <p class='ocr_par' dir='ltr' id='par_1_52' title="bbox 2120 2447 3605 2521">
     <span class='ocr_line' id='line_1_52' title="bbox 2120 2447 3605 2521; baseline -0.008 -14"><span class='ocrx_word' id='word_1_339' title='bbox 2120 2471 2141 2507; x_wconf 76' lang='grc' dir='ltr'><strong>ι</strong></span> <span class='ocrx_word' id='word_1_340' title='bbox 2172 2468 2278 2509; x_wconf 89' lang='lat' dir='ltr'><strong>non</strong></span> <span class='ocrx_word' id='word_1_341' title='bbox 2314 2451 2500 2521; x_wconf 82' lang='lat' dir='ltr'><strong>recipi,</strong></span> <span class='ocrx_word' id='word_1_342' title='bbox 2534 2450 2884 2507; x_wconf 84' lang='lat' dir='ltr'><strong>inhumanum</strong></span> <span class='ocrx_word' id='word_1_343' title='bbox 2909 2458 2961 2503; x_wconf 88' lang='lat' dir='ltr'><strong>et</strong></span> <span class='ocrx_word' id='word_1_344' title='bbox 2995 2448 3209 2502; x_wconf 80' lang='lat' dir='ltr'><strong>incivile</strong></span> <span class='ocrx_word' id='word_1_345' title='bbox 3243 2447 3605 2501; x_wconf 82' lang='lat' dir='ltr'><strong>existimatum</strong></span> 
     </span>
    </p>
   </div>
   <div class='ocr_carea' id='block_1_53' title="bbox 2121 2534 3599 2611">
    <p class='ocr_par' dir='ltr' id='par_1_53' title="bbox 2121 2534 3599 2611">
     <span class='ocr_line' id='line_1_53' title="bbox 2121 2534 3599 2611; baseline -0.008 -13"><span class='ocrx_word' id='word_1_346' title='bbox 2121 2564 2141 2598; x_wconf 84' lang='grc' dir='ltr'><strong>ι</strong></span> <span class='ocrx_word' id='word_1_347' title='bbox 2181 2552 2285 2601; x_wconf 88' lang='lat' dir='ltr'><strong>est.</strong></span> <span class='ocrx_word' id='word_1_348' title='bbox 2331 2541 2705 2598; x_wconf 83' lang='lat' dir='ltr'><strong>Recordemiui</strong></span> <span class='ocrx_word' id='word_1_349' title='bbox 2771 2550 2950 2595; x_wconf 88' lang='lat' dir='ltr'><strong>autem</strong></span> <span class='ocrx_word' id='word_1_350' title='bbox 3008 2540 3196 2591; x_wconf 88' lang='lat' dir='ltr'><strong>Patres</strong></span> <span class='ocrx_word' id='word_1_351' title='bbox 3257 2546 3467 2590; x_wconf 81' lang='lat' dir='ltr'><strong>nostros</strong></span> <span class='ocrx_word' id='word_1_352' title='bbox 3522 2534 3599 2611; x_wconf 31' lang='lat' dir='ltr'><strong>&#39;in</strong></span> 
     </span>
    </p>
   </div>
   <div class='ocr_carea' id='block_1_54' title="bbox 2124 2626 3611 2707">
    <p class='ocr_par' dir='ltr' id='par_1_54' title="bbox 2124 2626 3611 2707">
     <span class='ocr_line' id='line_1_54' title="bbox 2124 2626 3611 2707; baseline -0.008 -16"><span class='ocrx_word' id='word_1_353' title='bbox 2124 2658 2142 2691; x_wconf 78' lang='grc' dir='ltr'><strong>ι</strong></span> <span class='ocrx_word' id='word_1_354' title='bbox 2185 2649 2423 2707; x_wconf 85' lang='lat' dir='ltr'><strong>tempore</strong></span> <span class='ocrx_word' id='word_1_355' title='bbox 2454 2635 2726 2707; x_wconf 84' lang='lat' dir='ltr'><strong>praeterito</strong></span> <span class='ocrx_word' id='word_1_356' title='bbox 2780 2633 3065 2693; x_wconf 79' lang='lat' dir='ltr'><strong>statuisse,</strong></span> <span class='ocrx_word' id='word_1_357' title='bbox 3093 2639 3152 2683; x_wconf 92' lang='lat' dir='ltr'><strong>ut</strong></span> <span class='ocrx_word' id='word_1_358' title='bbox 3203 2629 3246 2681; x_wconf 90' lang='lat' dir='ltr'><strong>si</strong></span> <span class='ocrx_word' id='word_1_359' title='bbox 3280 2628 3402 2697; x_wconf 87' lang='lat' dir='ltr'><strong>quis</strong></span> <span class='ocrx_word' id='word_1_360' title='bbox 3440 2626 3611 2680; x_wconf 79' lang='lat' dir='ltr'><strong>laicus</strong></span> 
     </span>
    </p>
   </div>
   <div class='ocr_carea' id='block_1_55' title="bbox 2123 2718 3609 2799">
    <p class='ocr_par' dir='ltr' id='par_1_55' title="bbox 2123 2718 3609 2799">
     <span class='ocr_line' id='line_1_55' title="bbox 2123 2718 3609 2799; baseline -0.005 -20"><span class='ocrx_word' id='word_1_361' title='bbox 2123 2750 2140 2779; x_wconf 81' lang='grc' dir='ltr'><strong>ι</strong></span> <span class='ocrx_word' id='word_1_362' title='bbox 2179 2731 2230 2784; x_wconf 92' lang='lat' dir='ltr'><strong>in</strong></span> <span class='ocrx_word' id='word_1_363' title='bbox 2259 2730 2393 2784; x_wconf 81' lang='lat' dir='ltr'><strong>urbe</strong></span> <span class='ocrx_word' id='word_1_364' title='bbox 2421 2742 2583 2799; x_wconf 83' lang='lat' dir='ltr'><strong>agens</strong></span> <span class='ocrx_word' id='word_1_365' title='bbox 2614 2726 2785 2781; x_wconf 90' lang='lat' dir='ltr'><strong>tribus</strong></span> <span class='ocrx_word' id='word_1_366' title='bbox 2818 2724 3007 2778; x_wconf 89' lang='lat' dir='ltr'><strong>diebus</strong></span> <span class='ocrx_word' id='word_1_367' title='bbox 3036 2721 3331 2776; x_wconf 89' lang='lat' dir='ltr'><strong>Dominicis</strong></span> <span class='ocrx_word' id='word_1_368' title='bbox 3356 2721 3406 2772; x_wconf 94' lang='lat' dir='ltr'><strong>in</strong></span> <span class='ocrx_word' id='word_1_369' title='bbox 3438 2718 3609 2772; x_wconf 88' lang='lat' dir='ltr'><strong>tribus</strong></span> 
     </span>
    </p>
   </div>
   <div class='ocr_carea' id='block_1_56' title="bbox 2116 2810 3613 2883">
    <p class='ocr_par' dir='ltr' id='par_1_56' title="bbox 2116 2810 3613 2883">
     <span class='ocr_line' id='line_1_56' title="bbox 2116 2810 3613 2883; baseline -0.007 -10"><span class='ocrx_word' id='word_1_370' title='bbox 2116 2841 2134 2873; x_wconf 80' lang='grc' dir='ltr'><strong>ι</strong></span> <span class='ocrx_word' id='word_1_371' title='bbox 2175 2819 2601 2876; x_wconf 85' lang='lat' dir='ltr'><strong>hebdomadibus</strong></span> <span class='ocrx_word' id='word_1_372' title='bbox 2644 2830 2748 2871; x_wconf 85' lang='lat' dir='ltr'><strong>non</strong></span> <span class='ocrx_word' id='word_1_373' title='bbox 2796 2813 3202 2883; x_wconf 40' lang='lat' dir='ltr'><strong>conveniathis</strong></span> <span class='ocrx_word' id='word_1_374' title='bbox 3232 2810 3613 2864; x_wconf 85' lang='lat' dir='ltr'><strong>communione</strong></span> 
     </span>
    </p>
   </div>
   <div class='ocr_carea' id='block_1_57' title="bbox 2128 2902 3612 2979">
    <p class='ocr_par' dir='ltr' id='par_1_57' title="bbox 2128 2902 3612 2979">
     <span class='ocr_line' id='line_1_57' title="bbox 2128 2902 3612 2979; baseline -0.009 -15"><span class='ocrx_word' id='word_1_375' title='bbox 2128 2932 2145 2964; x_wconf 88' lang='grc'><strong><em>‹</em></strong></span> <span class='ocrx_word' id='word_1_376' title='bbox 2186 2919 2480 2965; x_wconf 87' lang='lat' dir='ltr'><strong>moveatur.</strong></span> <span class='ocrx_word' id='word_1_377' title='bbox 2523 2908 2690 2979; x_wconf 63' lang='lat'><strong>498</strong></span> <span class='ocrx_word' id='word_1_378' title='bbox 2732 2906 2787 2959; x_wconf 91' lang='lat' dir='ltr'><strong>Si</strong></span> <span class='ocrx_word' id='word_1_379' title='bbox 2830 2908 2930 2959; x_wconf 88' lang='lat' dir='ltr'><strong>hoc</strong></span> <span class='ocrx_word' id='word_1_380' title='bbox 2972 2918 3099 2970; x_wconf 78' lang='lat' dir='ltr'><strong>ergo</strong></span> <span class='ocrx_word' id='word_1_381' title='bbox 3144 2904 3207 2955; x_wconf 90' lang='lat' dir='ltr'><strong>de</strong></span> <span class='ocrx_word' id='word_1_382' title='bbox 3236 2902 3391 2956; x_wconf 90' lang='lat' dir='ltr'><strong>laicis</strong></span> <span class='ocrx_word' id='word_1_383' title='bbox 3436 2908 3612 2953; x_wconf 88' lang='lat' dir='ltr'><strong>statu-</strong></span> 
     </span>
    </p>
   </div>
   <div class='ocr_carea' id='block_1_58' title="bbox 2128 2994 3613 3068">
    <p class='ocr_par' dir='ltr' id='par_1_58' title="bbox 2128 2994 3613 3068">
     <span class='ocr_line' id='line_1_58' title="bbox 2128 2994 3613 3068; baseline -0.008 -13"><span class='ocrx_word' id='word_1_384' title='bbox 2128 3022 2146 3055; x_wconf 73' lang='lat' dir='ltr'><strong>r</strong></span> <span class='ocrx_word' id='word_1_385' title='bbox 2184 3012 2294 3057; x_wconf 89' lang='lat' dir='ltr'><strong>tum</strong></span> <span class='ocrx_word' id='word_1_386' title='bbox 2336 3010 2437 3067; x_wconf 91' lang='lat' dir='ltr'><strong>est,</strong></span> <span class='ocrx_word' id='word_1_387' title='bbox 2482 3016 2585 3053; x_wconf 89' lang='lat' dir='ltr'><strong>non</strong></span> <span class='ocrx_word' id='word_1_388' title='bbox 2617 3006 2846 3068; x_wconf 91' lang='lat' dir='ltr'><strong>oportet,</strong></span> <span class='ocrx_word' id='word_1_389' title='bbox 2881 3012 2978 3051; x_wconf 89' lang='lat' dir='ltr'><strong>nec</strong></span> <span class='ocrx_word' id='word_1_390' title='bbox 3007 2995 3276 3058; x_wconf 85' lang='lat' dir='ltr'><strong>convenit,</strong></span> <span class='ocrx_word' id='word_1_391' title='bbox 3305 2994 3395 3046; x_wconf 88' lang='lat' dir='ltr'><strong>sed</strong></span> <span class='ocrx_word' id='word_1_392' title='bbox 3437 3006 3613 3060; x_wconf 88' lang='lat' dir='ltr'><strong>neque</strong></span> 
     </span>
    </p>
   </div>
   <div class='ocr_carea' id='block_1_59' title="bbox 2125 3087 3612 3163">
    <p class='ocr_par' dir='ltr' id='par_1_59' title="bbox 2125 3087 3612 3163">
     <span class='ocr_line' id='line_1_59' title="bbox 2125 3087 3612 3163; baseline -0.006 -15"><span class='ocrx_word' id='word_1_393' title='bbox 2125 3117 2144 3148; x_wconf 80' lang='grc' dir='ltr'><strong>ι</strong></span> <span class='ocrx_word' id='word_1_394' title='bbox 2182 3106 2264 3152; x_wconf 89' lang='lat' dir='ltr'><strong>est</strong></span> <span class='ocrx_word' id='word_1_395' title='bbox 2302 3096 2455 3159; x_wconf 79' lang='lat' dir='ltr'><strong>utile,</strong></span> <span class='ocrx_word' id='word_1_396' title='bbox 2500 3093 2833 3163; x_wconf 86' lang='lat' dir='ltr'><strong>episc0pum,</strong></span> <span class='ocrx_word' id='word_1_397' title='bbox 2876 3091 2918 3143; x_wconf 87' lang='lat' dir='ltr'><strong>si</strong></span> <span class='ocrx_word' id='word_1_398' title='bbox 2956 3089 3152 3143; x_wconf 87' lang='lat' dir='ltr'><strong>nullam</strong></span> <span class='ocrx_word' id='word_1_399' title='bbox 3190 3088 3355 3141; x_wconf 86' lang='lat' dir='ltr'><strong>habet</strong></span> <span class='ocrx_word' id='word_1_400' title='bbox 3396 3087 3612 3163; x_wconf 84' lang='lat' dir='ltr'><strong>gravio-</strong></span> 
     </span>
    </p>
   </div>
   <div class='ocr_carea' id='block_1_60' title="bbox 469 3175 1953 3253">
    <p class='ocr_par' dir='ltr' id='par_1_60' title="bbox 469 3175 1947 3249">
     <span class='ocr_line' id='line_1_60' title="bbox 469 3175 1947 3249; baseline -0.001 -21"><span class='ocrx_word' id='word_1_401' title='bbox 469 3198 488 3228; x_wconf 75' lang='grc' dir='ltr'><strong>ι</strong></span> <span class='ocrx_word' id='word_1_402' title='bbox 528 3177 733 3233; x_wconf 85' lang='grc' dir='ltr'>λαῖκῶν</span> <span class='ocrx_word' id='word_1_403' title='bbox 752 3176 910 3230; x_wconf 80' lang='grc' dir='ltr'>τοῦτο</span> <span class='ocrx_word' id='word_1_404' title='bbox 927 3176 1299 3240; x_wconf 87' lang='grc' dir='ltr'>τεθέσπισται,</span> <span class='ocrx_word' id='word_1_405' title='bbox 1326 3176 1387 3228; x_wconf 83' lang='grc' dir='ltr'>οὐ</span> <span class='ocrx_word' id='word_1_406' title='bbox 1418 3176 1545 3246; x_wconf 82' lang='grc' dir='ltr'>χρὴ,</span> <span class='ocrx_word' id='word_1_407' title='bbox 1571 3175 1691 3228; x_wconf 87' lang='grc' dir='ltr'><strong>ούδέ</strong></span> <span class='ocrx_word' id='word_1_408' title='bbox 1723 3175 1947 3249; x_wconf 80' lang='grc' dir='ltr'>πρέπει,</span> 
     </span>
    </p>
   </div>
   <div class='ocr_carea' id='block_1_61' title="bbox 2057 3175 3616 3253">
    <p class='ocr_par' dir='ltr' id='par_1_61' title="bbox 2130 3180 3616 3253">
     <span class='ocr_line' id='line_1_61' title="bbox 2130 3180 3616 3253; baseline -0.007 -12"><span class='ocrx_word' id='word_1_409' title='bbox 2130 3211 2149 3241; x_wconf 75' lang='grc' dir='ltr'><strong>ι</strong></span> <span class='ocrx_word' id='word_1_410' title='bbox 2187 3206 2300 3245; x_wconf 87' lang='lat' dir='ltr'><strong>rem</strong></span> <span class='ocrx_word' id='word_1_411' title='bbox 2340 3188 2714 3243; x_wconf 88' lang='lat' dir='ltr'><strong>necessitatem</strong></span> <span class='ocrx_word' id='word_1_412' title='bbox 2747 3185 2831 3239; x_wconf 86' lang='lat' dir='ltr'><strong>vel</strong></span> <span class='ocrx_word' id='word_1_413' title='bbox 2867 3184 3136 3253; x_wconf 82' lang='lat' dir='ltr'><strong>negotium</strong></span> <span class='ocrx_word' id='word_1_414' title='bbox 3166 3180 3462 3246; x_wconf 83' lang='lat' dir='ltr'><strong>difﬁcilius,</strong></span> <span class='ocrx_word' id='word_1_415' title='bbox 3499 3181 3616 3233; x_wconf 91' lang='lat' dir='ltr'><strong>lou-</strong></span> 
     </span>
    </p>
   </div>
   <div class='ocr_carea' id='block_1_62' title="bbox 473 3267 1947 3351">
    <p class='ocr_par' dir='ltr' id='par_1_62' title="bbox 473 3267 1947 3351">
     <span class='ocr_line' id='line_1_62' title="bbox 473 3267 1947 3351; baseline 0 -30"><span class='ocrx_word' id='word_1_416' title='bbox 473 3288 493 3321; x_wconf 78' lang='lat' dir='ltr'><strong>l</strong></span> <span class='ocrx_word' id='word_1_417' title='bbox 535 3271 649 3323; x_wconf 81' lang='grc' dir='ltr'>ἀλλ’</span> <span class='ocrx_word' id='word_1_418' title='bbox 688 3268 809 3322; x_wconf 84' lang='grc' dir='ltr'><strong>ούδέ</strong></span> <span class='ocrx_word' id='word_1_419' title='bbox 842 3267 1136 3351; x_wconf 62' lang='grc' dir='ltr'>συμφέρει,</span> <span class='ocrx_word' id='word_1_420' title='bbox 1193 3268 1514 3332; x_wconf 82' lang='grc' dir='ltr'>ἐπίσκοπον,</span> <span class='ocrx_word' id='word_1_421' title='bbox 1569 3268 1617 3320; x_wconf 77' lang='grc' dir='ltr'>εἰ</span> <span class='ocrx_word' id='word_1_422' title='bbox 1676 3268 1947 3339; x_wconf 84' lang='grc' dir='ltr'>μηδεμίαν</span> 
     </span>
    </p>
   </div>
   <div class='ocr_carea' id='block_1_63' title="bbox 472 3359 1945 3431">
    <p class='ocr_par' dir='ltr' id='par_1_63' title="bbox 472 3359 1945 3431">
     <span class='ocr_line' id='line_1_63' title="bbox 472 3359 1945 3431; baseline 0 -18"><span class='ocrx_word' id='word_1_423' title='bbox 472 3380 491 3413; x_wconf 81' lang='grc' dir='ltr'><strong>ι</strong></span> <span class='ocrx_word' id='word_1_424' title='bbox 534 3360 836 3431; x_wconf 83' lang='grc' dir='ltr'>βαρυτέραν</span> <span class='ocrx_word' id='word_1_425' title='bbox 867 3360 1113 3429; x_wconf 82' lang='grc' dir='ltr'>ἀνάγκην</span> <span class='ocrx_word' id='word_1_426' title='bbox 1149 3360 1283 3429; x_wconf 76' lang='grc' dir='ltr'>ἔχοι,</span> <span class='ocrx_word' id='word_1_427' title='bbox 1314 3360 1348 3431; x_wconf 79' lang='grc' dir='ltr'>ἢ</span> <span class='ocrx_word' id='word_1_428' title='bbox 1389 3362 1623 3429; x_wconf 82' lang='grc' dir='ltr'>πρᾶγμα</span> <span class='ocrx_word' id='word_1_429' title='bbox 1660 3359 1945 3430; x_wconf 73' lang='grc' dir='ltr'>δυσχερὲς,</span> 
     </span>
    </p>
   </div>
   <div class='ocr_carea' id='block_1_64' title="bbox 470 3453 1953 3524">
    <p class='ocr_par' dir='ltr' id='par_1_64' title="bbox 470 3453 1953 3524">
     <span class='ocr_line' id='line_1_64' title="bbox 470 3453 1953 3524; baseline 0.003 -20"><span class='ocrx_word' id='word_1_430' title='bbox 470 3471 491 3504; x_wconf 75' lang='grc' dir='ltr'><strong>ι</strong></span> <span class='ocrx_word' id='word_1_431' title='bbox 525 3453 867 3510; x_wconf 82' lang='grc' dir='ltr'>ἐπιπλεῖστον</span> <span class='ocrx_word' id='word_1_432' title='bbox 924 3453 1318 3509; x_wconf 80' lang='grc' dir='ltr'>ἀπολείπεσθαι</span> <span class='ocrx_word' id='word_1_433' title='bbox 1350 3454 1449 3523; x_wconf 85' lang='grc' dir='ltr'><strong>τῆς</strong></span> <span class='ocrx_word' id='word_1_434' title='bbox 1499 3453 1692 3507; x_wconf 89' lang='grc' dir='ltr'>ἐαυτοῦ</span> <span class='ocrx_word' id='word_1_435' title='bbox 1751 3453 1953 3524; x_wconf 86' lang='grc' dir='ltr'>ἐκκλη-</span> 
     </span>
    </p>
   </div>
   <div class='ocr_carea' id='block_1_65' title="bbox 472 3546 1952 3617">
    <p class='ocr_par' dir='ltr' id='par_1_65' title="bbox 472 3546 1952 3617">
     <span class='ocr_line' id='line_1_65' title="bbox 472 3546 1952 3617; baseline -0.002 -15"><span class='ocrx_word' id='word_1_436' title='bbox 472 3567 493 3602; x_wconf 77' lang='grc' dir='ltr'><strong>ι</strong></span> <span class='ocrx_word' id='word_1_437' title='bbox 530 3549 673 3616; x_wconf 81' lang='grc' dir='ltr'>σίας,</span> <span class='ocrx_word' id='word_1_438' title='bbox 708 3550 822 3603; x_wconf 78' lang='grc' dir='ltr'>’καὶ</span> <span class='ocrx_word' id='word_1_439' title='bbox 864 3549 1067 3603; x_wconf 77' lang='grc' dir='ltr'>θλίϐειν</span> <span class='ocrx_word' id='word_1_440' title='bbox 1104 3548 1197 3602; x_wconf 78' lang='grc' dir='ltr'>τὸν</span> <span class='ocrx_word' id='word_1_441' title='bbox 1237 3547 1742 3617; x_wconf 76' lang='grc' dir='ltr'>ἐμπεπιστευμένον</span> <span class='ocrx_word' id='word_1_442' title='bbox 1804 3546 1952 3617; x_wconf 85' lang='grc' dir='ltr'>αὑτῷ</span> 
     </span>
    </p>
   </div>
   <div class='ocr_carea' id='block_1_66' title="bbox 472 3642 1950 3713">
    <p class='ocr_par' dir='ltr' id='par_1_66' title="bbox 472 3642 1950 3713">
     <span class='ocr_line' id='line_1_66' title="bbox 472 3642 1950 3713; baseline -0.003 -13"><span class='ocrx_word' id='word_1_443' title='bbox 472 3667 492 3700; x_wconf 79' lang='grc' dir='ltr'><strong>ι</strong></span> <span class='ocrx_word' id='word_1_444' title='bbox 530 3648 680 3700; x_wconf 91' lang='grc' dir='ltr'>λαόν.</span> <span class='ocrx_word' id='word_1_445' title='bbox 741 3647 1016 3706; x_wconf 76' lang='grc' dir='ltr'>Ἅπαντες</span> <span class='ocrx_word' id='word_1_446' title='bbox 1048 3646 1121 3699; x_wconf 84' lang='grc' dir='ltr'>οἱ</span> <span class='ocrx_word' id='word_1_447' title='bbox 1171 3643 1461 3698; x_wconf 86' lang='grc' dir='ltr'>ἐπίσκοποι</span> <span class='ocrx_word' id='word_1_448' title='bbox 1537 3644 1792 3713; x_wconf 76' lang='grc' dir='ltr'>εἰρήκασι</span> <span class='ocrx_word' id='word_1_449' title='bbox 1851 3642 1950 3695; x_wconf 80' lang='grc' dir='ltr'>καὶ</span> 
     </span>
    </p>
   </div>
   <div class='ocr_carea' id='block_1_67' title="bbox 468 3730 1948 3807">
    <p class='ocr_par' dir='ltr' id='par_1_67' title="bbox 468 3730 1948 3807">
     <span class='ocr_line' id='line_1_67' title="bbox 468 3730 1948 3807; baseline -0.005 -16"><span class='ocrx_word' id='word_1_450' title='bbox 468 3757 488 3790; x_wconf 80' lang='grc' dir='ltr'><strong>ι</strong></span> <span class='ocrx_word' id='word_1_451' title='bbox 523 3738 727 3807; x_wconf 87' lang='grc' dir='ltr'>ταύτην</span> <span class='ocrx_word' id='word_1_452' title='bbox 783 3736 882 3807; x_wconf 84' lang='grc' dir='ltr'>τὴν</span> <span class='ocrx_word' id='word_1_453' title='bbox 930 3735 1157 3807; x_wconf 82' lang='grc' dir='ltr'>γνώμην</span> <span class='ocrx_word' id='word_1_454' title='bbox 1217 3735 1429 3804; x_wconf 78' lang='grc' dir='ltr'>σφόδρα</span> <span class='ocrx_word' id='word_1_455' title='bbox 1470 3730 1614 3787; x_wconf 83' lang='grc' dir='ltr'>εἶναι</span> <span class='ocrx_word' id='word_1_456' title='bbox 1664 3732 1948 3804; x_wconf 83' lang='grc' dir='ltr'>πρεπωδε-</span> 
     </span>
    </p>
   </div>
   <div class='ocr_carea' id='block_1_68' title="bbox 471 3831 812 3899">
    <p class='ocr_par' dir='ltr' id='par_1_68' title="bbox 471 3831 812 3899">
     <span class='ocr_line' id='line_1_68' title="bbox 471 3831 812 3899; baseline -0.012 -15"><span class='ocrx_word' id='word_1_457' title='bbox 471 3848 490 3883; x_wconf 81' lang='grc' dir='ltr'><strong>ι</strong></span> <span class='ocrx_word' id='word_1_458' title='bbox 530 3831 754 3899; x_wconf 85' lang='grc' dir='ltr'>στάτην.</span> <span class='ocrx_word' id='word_1_459' title='bbox 794 3848 812 3879; x_wconf 73' lang='grc' dir='ltr'><strong>ι</strong></span> 
     </span>
    </p>
   </div>
   <div class='ocr_carea' id='block_1_69' title="bbox 465 3915 1954 3990">
    <p class='ocr_par' dir='ltr' id='par_1_69' title="bbox 465 3915 1954 3990">
     <span class='ocr_line' id='line_1_69' title="bbox 465 3915 1954 3990; baseline -0.003 -16"><span class='ocrx_word' id='word_1_460' title='bbox 465 3922 660 3976; x_wconf 77' lang='grc' dir='ltr'><strong>ΒΑΛΣ.</strong></span> <span class='ocrx_word' id='word_1_461' title='bbox 688 3922 877 3975; x_wconf 81' lang='grc' dir='ltr'>Πᾶσαν</span> <span class='ocrx_word' id='word_1_462' title='bbox 905 3919 1202 3974; x_wconf 83' lang='grc' dir='ltr'>σκανδάλου</span> <span class='ocrx_word' id='word_1_463' title='bbox 1237 3919 1513 3988; x_wconf 77' lang='grc' dir='ltr'>πρόφασιν</span> <span class='ocrx_word' id='word_1_464' title='bbox 1541 3915 1954 3990; x_wconf 80' lang='grc' dir='ltr'>περιαιροῦντες</span> 
     </span>
    </p>
   </div>
   <div class='ocr_carea' id='block_1_70' title="bbox 395 4008 1955 4083">
    <p class='ocr_par' dir='ltr' id='par_1_70' title="bbox 395 4008 1955 4083">
     <span class='ocr_line' id='line_1_70' title="bbox 395 4008 1955 4083; baseline -0.005 -17"><span class='ocrx_word' id='word_1_465' title='bbox 395 4014 445 4065; x_wconf 81' lang='lat' dir='ltr'><strong>oi</strong></span> <span class='ocrx_word' id='word_1_466' title='bbox 486 4012 752 4083; x_wconf 85' lang='grc' dir='ltr'>Πατέρες,</span> <span class='ocrx_word' id='word_1_467' title='bbox 780 4011 1104 4082; x_wconf 88' lang='grc' dir='ltr'>διωρίσαντο</span> <span class='ocrx_word' id='word_1_468' title='bbox 1157 4008 1231 4080; x_wconf 83' lang='grc' dir='ltr'>μὴ</span> <span class='ocrx_word' id='word_1_469' title='bbox 1277 4008 1622 4078; x_wconf 78' lang='grc' dir='ltr'>μεταδαίνειν</span> <span class='ocrx_word' id='word_1_470' title='bbox 1655 4008 1955 4061; x_wconf 77' lang='grc' dir='ltr'>ἐπίσκοπον</span> 
     </span>
    </p>
   </div>
   <div class='ocr_carea' id='block_1_71' title="bbox 398 4091 1955 4169">
    <p class='ocr_par' dir='ltr' id='par_1_71' title="bbox 398 4091 1955 4169">
     <span class='ocr_line' id='line_1_71' title="bbox 398 4091 1955 4169; baseline -0.004 -13"><span class='ocrx_word' id='word_1_471' title='bbox 398 4103 510 4157; x_wconf 77' lang='grc' dir='ltr'><strong>ἀπὸ</strong></span> <span class='ocrx_word' id='word_1_472' title='bbox 535 4102 744 4165; x_wconf 88' lang='grc' dir='ltr'>πόλεως</span> <span class='ocrx_word' id='word_1_473' title='bbox 776 4103 855 4165; x_wconf 90' lang='grc' dir='ltr'><strong>είς</strong></span> <span class='ocrx_word' id='word_1_474' title='bbox 882 4101 1038 4153; x_wconf 87' lang='grc' dir='ltr'>πόλιν</span> <span class='ocrx_word' id='word_1_475' title='bbox 1063 4100 1096 4169; x_wconf 78' lang='grc' dir='ltr'>ἢ</span> <span class='ocrx_word' id='word_1_476' title='bbox 1141 4091 1252 4153; x_wconf 72' lang='grc' dir='ltr'><strong>άπδ</strong></span> <span class='ocrx_word' id='word_1_477' title='bbox 1276 4094 1541 4169; x_wconf 88' lang='grc' dir='ltr'>ἐπαρχίας</span> <span class='ocrx_word' id='word_1_478' title='bbox 1582 4099 1663 4161; x_wconf 79' lang='grc' dir='ltr'><strong>εἰς</strong></span> <span class='ocrx_word' id='word_1_479' title='bbox 1684 4097 1955 4169; x_wconf 86' lang='grc' dir='ltr'>ἐπαρχίαν</span> 
     </span>
    </p>
   </div>
   <div class='ocr_carea' id='block_1_72' title="bbox 399 4186 1957 4264">
    <p class='ocr_par' dir='ltr' id='par_1_72' title="bbox 399 4186 1957 4264">
     <span class='ocr_line' id='line_1_72' title="bbox 399 4186 1957 4264; baseline -0.004 -16"><span class='ocrx_word' id='word_1_480' title='bbox 399 4195 544 4249; x_wconf 85' lang='grc' dir='ltr'>κατά</span> <span class='ocrx_word' id='word_1_481' title='bbox 576 4194 780 4264; x_wconf 84' lang='grc' dir='ltr'>τρόπον</span> <span class='ocrx_word' id='word_1_482' title='bbox 817 4191 1194 4263; x_wconf 75' lang='grc' dir='ltr'>ἀλαζονείαςῆ</span> <span class='ocrx_word' id='word_1_483' title='bbox 1237 4189 1569 4254; x_wconf 80' lang='grc' dir='ltr'>πλεονεξίας.</span> <span class='ocrx_word' id='word_1_484' title='bbox 1602 4191 1664 4243; x_wconf 80' lang='lat' dir='ltr'><strong>Ei</strong></span> <span class='ocrx_word' id='word_1_485' title='bbox 1713 4186 1767 4243; x_wconf 83' lang='grc' dir='ltr'><strong>δέ</strong></span> <span class='ocrx_word' id='word_1_486' title='bbox 1797 4188 1957 4243; x_wconf 80' lang='grc' dir='ltr'>τοῦτο</span> 
     </span>
    </p>
   </div>
   <div class='ocr_carea' id='block_1_73' title="bbox 395 4282 1956 4357">
    <p class='ocr_par' dir='ltr' id='par_1_73' title="bbox 395 4282 1956 4357">
     <span class='ocr_line' id='line_1_73' title="bbox 395 4282 1956 4357; baseline -0.003 -18"><span class='ocrx_word' id='word_1_487' title='bbox 395 4287 457 4339; x_wconf 86' lang='grc' dir='ltr'><strong>ού</strong></span> <span class='ocrx_word' id='word_1_488' title='bbox 491 4286 715 4357; x_wconf 86' lang='grc' dir='ltr'>γένηται</span> <span class='ocrx_word' id='word_1_489' title='bbox 743 4284 831 4340; x_wconf 83' lang='grc' dir='ltr'><strong>διά</strong></span> <span class='ocrx_word' id='word_1_490' title='bbox 864 4285 1122 4354; x_wconf 82' lang='grc' dir='ltr'>τοιαύτην</span> <span class='ocrx_word' id='word_1_491' title='bbox 1143 4283 1345 4346; x_wconf 71' lang='grc' dir='ltr'>αἰτίαν,</span> <span class='ocrx_word' id='word_1_492' title='bbox 1376 4282 1514 4337; x_wconf 81' lang='grc' dir='ltr'>ἀλλὰ</span> <span class='ocrx_word' id='word_1_493' title='bbox 1565 4282 1655 4336; x_wconf 82' lang='grc' dir='ltr'><strong>διὰ</strong></span> <span class='ocrx_word' id='word_1_494' title='bbox 1685 4282 1956 4352; x_wconf 84' lang='grc' dir='ltr'>πρόσκαι-</span> 
     </span>
    </p>
   </div>
   <div class='ocr_carea' id='block_1_74' title="bbox 398 4364 1955 4450">
    <p class='ocr_par' dir='ltr' id='par_1_74' title="bbox 398 4364 1955 4450">
     <span class='ocr_line' id='line_1_74' title="bbox 398 4364 1955 4450; baseline -0.004 -18"><span class='ocrx_word' id='word_1_495' title='bbox 398 4396 492 4450; x_wconf 92' lang='grc' dir='ltr'><strong>ρον</strong></span> <span class='ocrx_word' id='word_1_496' title='bbox 521 4379 844 4443; x_wconf 86' lang='grc' dir='ltr'>ἁνάπαυσιν,</span> <span class='ocrx_word' id='word_1_497' title='bbox 868 4378 901 4447; x_wconf 82' lang='grc' dir='ltr'>ἢ</span> <span class='ocrx_word' id='word_1_498' title='bbox 935 4377 1130 4447; x_wconf 83' lang='grc' dir='ltr'>ἑτέραν</span> <span class='ocrx_word' id='word_1_499' title='bbox 1161 4375 1381 4442; x_wconf 79' lang='grc' dir='ltr'>εὔλογον</span> <span class='ocrx_word' id='word_1_500' title='bbox 1406 4364 1681 4443; x_wconf 75' lang='grc' dir='ltr'>ἀφορμὴν,</span> <span class='ocrx_word' id='word_1_501' title='bbox 1718 4376 1792 4443; x_wconf 82' lang='grc' dir='ltr'><strong>μὴ</strong></span> <span class='ocrx_word' id='word_1_502' title='bbox 1820 4390 1955 4428; x_wconf 89' lang='grc' dir='ltr'>κατ-</span> 
     </span>
    </p>
   </div>
   <div class='ocr_carea' id='block_1_75' title="bbox 397 4462 1952 4542">
    <p class='ocr_par' dir='ltr' id='par_1_75' title="bbox 397 4462 1952 4542">
     <span class='ocr_line' id='line_1_75' title="bbox 397 4462 1952 4542; baseline -0.003 -19"><span class='ocrx_word' id='word_1_503' title='bbox 397 4462 722 4542; x_wconf 78' lang='grc' dir='ltr'>επαίρεσθαι</span> <span class='ocrx_word' id='word_1_504' title='bbox 753 4469 936 4533; x_wconf 77' lang='grc' dir='ltr'>αὐτὸν,</span> <span class='ocrx_word' id='word_1_505' title='bbox 961 4468 1144 4535; x_wconf 89' lang='grc' dir='ltr'>λόγιον</span> <span class='ocrx_word' id='word_1_506' title='bbox 1170 4465 1331 4537; x_wconf 75' lang='grc' dir='ltr'>τυχὸν</span> <span class='ocrx_word' id='word_1_507' title='bbox 1372 4464 1527 4526; x_wconf 78' lang='grc' dir='ltr'>ὄντα,</span> <span class='ocrx_word' id='word_1_508' title='bbox 1564 4463 1659 4518; x_wconf 78' lang='grc' dir='ltr'><strong>τοῦ</strong></span> <span class='ocrx_word' id='word_1_509' title='bbox 1685 4464 1952 4536; x_wconf 82' lang='grc' dir='ltr'>ἐγχωρίου</span> 
     </span>
    </p>
   </div>
   <div class='ocr_carea' id='block_1_76' title="bbox 399 4648 1956 4725">
    <p class='ocr_par' dir='ltr' id='par_1_76' title="bbox 399 4648 1956 4725">
     <span class='ocr_line' id='line_1_76' title="bbox 399 4648 1956 4725; baseline -0.003 -17"><span class='ocrx_word' id='word_1_510' title='bbox 399 4655 501 4725; x_wconf 82' lang='grc' dir='ltr'>μὲν</span> <span class='ocrx_word' id='word_1_511' title='bbox 553 4653 809 4723; x_wconf 73' lang='grc' dir='ltr'>ἐφίεσθαι</span> <span class='ocrx_word' id='word_1_512' title='bbox 845 4652 1139 4722; x_wconf 88' lang='grc' dir='ltr'>ἐγκωμίων</span> <span class='ocrx_word' id='word_1_513' title='bbox 1187 4652 1277 4705; x_wconf 82' lang='grc' dir='ltr'>διὰ</span> <span class='ocrx_word' id='word_1_514' title='bbox 1308 4648 1658 4719; x_wconf 85' lang='grc' dir='ltr'>δογματικῶν</span> <span class='ocrx_word' id='word_1_515' title='bbox 1703 4648 1956 4703; x_wconf 83' lang='grc' dir='ltr'>διδασκα-</span> 
     </span>
    </p>
   </div>
   <div class='ocr_carea' id='block_1_77' title="bbox 396 4740 1954 4817">
    <p class='ocr_par' dir='ltr' id='par_1_77' title="bbox 396 4740 1954 4817">
     <span class='ocr_line' id='line_1_77' title="bbox 396 4740 1954 4817; baseline -0.006 -16"><span class='ocrx_word' id='word_1_516' title='bbox 396 4747 526 4802; x_wconf 86' lang='grc' dir='ltr'>λιῶν</span> <span class='ocrx_word' id='word_1_517' title='bbox 587 4746 766 4817; x_wconf 81' lang='grc' dir='ltr'>(τοῦτο</span> <span class='ocrx_word' id='word_1_518' title='bbox 823 4744 933 4813; x_wconf 90' lang='grc' dir='ltr'><strong>γάρ</strong></span> <span class='ocrx_word' id='word_1_519' title='bbox 973 4746 1122 4798; x_wconf 83' lang='grc' dir='ltr'>ἐστιν</span> <span class='ocrx_word' id='word_1_520' title='bbox 1165 4745 1201 4812; x_wconf 84' lang='grc' dir='ltr'><strong>ἡ</strong></span> <span class='ocrx_word' id='word_1_521' title='bbox 1247 4741 1530 4812; x_wconf 80' lang='grc' dir='ltr'>θρησκεία,</span> <span class='ocrx_word' id='word_1_522' title='bbox 1596 4740 1872 4793; x_wconf 84' lang='grc' dir='ltr'>τουτέστιν</span> <span class='ocrx_word' id='word_1_523' title='bbox 1921 4743 1954 4813; x_wconf 76' lang='grc' dir='ltr'><strong>ἡ</strong></span> 
     </span>
    </p>
   </div>
   <div class='ocr_carea' id='block_1_78' title="bbox 398 4829 1956 4909">
    <p class='ocr_par' dir='ltr' id='par_1_78' title="bbox 398 4829 1956 4909">
     <span class='ocr_line' id='line_1_78' title="bbox 398 4829 1956 4909; baseline -0.006 -17"><span class='ocrx_word' id='word_1_524' title='bbox 398 4838 624 4909; x_wconf 87' lang='grc' dir='ltr'>λατρεία</span> <span class='ocrx_word' id='word_1_525' title='bbox 653 4837 811 4908; x_wconf 77' lang='grc' dir='ltr'>καὶὴ</span> <span class='ocrx_word' id='word_1_526' title='bbox 854 4833 1085 4905; x_wconf 86' lang='grc' dir='ltr'>πίστις),</span> <span class='ocrx_word' id='word_1_527' title='bbox 1122 4832 1218 4886; x_wconf 80' lang='grc' dir='ltr'><strong>τοῦ</strong></span> <span class='ocrx_word' id='word_1_528' title='bbox 1261 4833 1319 4886; x_wconf 84' lang='grc' dir='ltr'>δὲ</span> <span class='ocrx_word' id='word_1_529' title='bbox 1348 4829 1614 4901; x_wconf 87' lang='grc' dir='ltr'>ἐγχωρίου</span> <span class='ocrx_word' id='word_1_530' title='bbox 1654 4830 1956 4884; x_wconf 84' lang='grc' dir='ltr'>ἐπισκόπου</span> 
     </span>
    </p>
   </div>
   <div class='ocr_carea' id='block_1_79' title="bbox 398 4920 1960 4998">
    <p class='ocr_par' dir='ltr' id='par_1_79' title="bbox 398 4920 1960 4998">
     <span class='ocr_line' id='line_1_79' title="bbox 398 4920 1960 4998; baseline -0.006 -16"><span class='ocrx_word' id='word_1_531' title='bbox 398 4930 784 4998; x_wconf 77' lang='grc' dir='ltr'>καταφρονεῖν,</span> <span class='ocrx_word' id='word_1_532' title='bbox 819 4927 894 4989; x_wconf 85' lang='grc' dir='ltr'>ὠς</span> <span class='ocrx_word' id='word_1_533' title='bbox 921 4924 1218 4996; x_wconf 83' lang='grc' dir='ltr'>ἐμπειρίαν</span> <span class='ocrx_word' id='word_1_534' title='bbox 1246 4924 1587 4993; x_wconf 86' lang='grc' dir='ltr'>δογματικῆς</span> <span class='ocrx_word' id='word_1_535' title='bbox 1608 4920 1960 4985; x_wconf 84' lang='grc' dir='ltr'>διδασκαλίας</span> 
     </span>
    </p>
   </div>
   <div class='ocr_carea' id='block_1_80' title="bbox 403 5008 1960 5090">
    <p class='ocr_par' dir='ltr' id='par_1_80' title="bbox 403 5008 1960 5090">
     <span class='ocr_line' id='line_1_80' title="bbox 403 5008 1960 5090; baseline -0.008 -17"><span class='ocrx_word' id='word_1_536' title='bbox 403 5018 479 5089; x_wconf 84' lang='grc' dir='ltr'>μὴ</span> <span class='ocrx_word' id='word_1_537' title='bbox 518 5019 753 5090; x_wconf 72' lang='grc' dir='ltr'>ἔχοντος,</span> <span class='ocrx_word' id='word_1_538' title='bbox 790 5017 925 5071; x_wconf 80' lang='grc' dir='ltr'>ἀλλὰ</span> <span class='ocrx_word' id='word_1_539' title='bbox 948 5014 1245 5085; x_wconf 80' lang='grc' dir='ltr'>ἡσυχάζειν</span> <span class='ocrx_word' id='word_1_540' title='bbox 1273 5014 1370 5068; x_wconf 79' lang='grc' dir='ltr'><strong>καὶ</strong></span> <span class='ocrx_word' id='word_1_541' title='bbox 1398 5013 1542 5083; x_wconf 79' lang='grc' dir='ltr'>ἐχειν</span> <span class='ocrx_word' id='word_1_542' title='bbox 1570 5010 1671 5082; x_wconf 81' lang='grc' dir='ltr'>τὴν</span> <span class='ocrx_word' id='word_1_543' title='bbox 1697 5008 1960 5076; x_wconf 86' lang='grc' dir='ltr'>ἀνάλογον</span> 
     </span>
    </p>
   </div>
   <div class='ocr_carea' id='block_1_81' title="bbox 398 5098 1955 5182">
    <p class='ocr_par' dir='ltr' id='par_1_81' title="bbox 398 5098 1955 5182">
     <span class='ocr_line' id='line_1_81' title="bbox 398 5098 1955 5182; baseline -0.007 -18"><span class='ocrx_word' id='word_1_544' title='bbox 398 5112 561 5182; x_wconf 78' lang='grc' dir='ltr'>τιμὴν</span> <span class='ocrx_word' id='word_1_545' title='bbox 592 5110 732 5180; x_wconf 81' lang='grc' dir='ltr'>πρὸς</span> <span class='ocrx_word' id='word_1_546' title='bbox 769 5109 860 5162; x_wconf 80' lang='grc' dir='ltr'>τὸν</span> <span class='ocrx_word' id='word_1_547' title='bbox 890 5105 1154 5178; x_wconf 83' lang='grc' dir='ltr'>ἐγχώριον</span> <span class='ocrx_word' id='word_1_548' title='bbox 1182 5105 1505 5160; x_wconf 83' lang='grc' dir='ltr'>ἐπίσκοπον.</span> <span class='ocrx_word' id='word_1_549' title='bbox 1542 5103 1616 5157; x_wconf 85' lang='grc' dir='ltr'><strong>Τὸ</strong></span> <span class='ocrx_word' id='word_1_550' title='bbox 1658 5102 1767 5171; x_wconf 83' lang='grc' dir='ltr'><strong>γὰρ</strong></span> <span class='ocrx_word' id='word_1_551' title='bbox 1802 5098 1955 5169; x_wconf 80' lang='grc' dir='ltr'>παρὰ</span> 
     </span>
    </p>
   </div>
   <div class='ocr_carea' id='block_1_82' title="bbox 400 5192 1961 5273">
    <p class='ocr_par' dir='ltr' id='par_1_82' title="bbox 400 5192 1961 5273">
     <span class='ocr_line' id='line_1_82' title="bbox 400 5192 1961 5273; baseline -0.006 -18"><span class='ocrx_word' id='word_1_552' title='bbox 400 5204 572 5257; x_wconf 81' lang='grc' dir='ltr'>ταῦτα</span> <span class='ocrx_word' id='word_1_553' title='bbox 602 5204 910 5273; x_wconf 84' lang='grc' dir='ltr'>γινόμενον,</span> <span class='ocrx_word' id='word_1_554' title='bbox 965 5204 1148 5268; x_wconf 79' lang='grc' dir='ltr'>φασὶν.</span> <span class='ocrx_word' id='word_1_555' title='bbox 1196 5198 1486 5268; x_wconf 87' lang='grc' dir='ltr'>παραίτιόν</span> <span class='ocrx_word' id='word_1_556' title='bbox 1546 5197 1662 5247; x_wconf 86' lang='grc' dir='ltr'>ἐστι</span> <span class='ocrx_word' id='word_1_557' title='bbox 1714 5192 1961 5263; x_wconf 86' lang='grc' dir='ltr'>ταραχῆς</span> 
     </span>
    </p>
   </div>
   <div class='ocr_carea' id='block_1_83' title="bbox 405 5284 1963 5365">
    <p class='ocr_par' dir='ltr' id='par_1_83' title="bbox 405 5284 1963 5365">
     <span class='ocr_line' id='line_1_83' title="bbox 405 5284 1963 5365; baseline -0.005 -18"><span class='ocrx_word' id='word_1_558' title='bbox 405 5297 603 5365; x_wconf 79' lang='grc' dir='ltr'>πολλῆς</span> <span class='ocrx_word' id='word_1_559' title='bbox 651 5295 747 5348; x_wconf 66' lang='grc' dir='ltr'>καὶ</span> <span class='ocrx_word' id='word_1_560' title='bbox 792 5295 1000 5364; x_wconf 78' lang='grc' dir='ltr'>ὑποψία</span> <span class='ocrx_word' id='word_1_561' title='bbox 1052 5291 1146 5346; x_wconf 81' lang='grc' dir='ltr'>τοῦ</span> <span class='ocrx_word' id='word_1_562' title='bbox 1197 5289 1521 5354; x_wconf 82' lang='grc' dir='ltr'>σπουδάζειν</span> <span class='ocrx_word' id='word_1_563' title='bbox 1577 5288 1691 5343; x_wconf 79' lang='grc' dir='ltr'><strong>τὸν</strong></span> <span class='ocrx_word' id='word_1_564' title='bbox 1722 5284 1963 5339; x_wconf 81' lang='grc' dir='ltr'>τοιοῦτον</span> 
     </span>
    </p>
   </div>
   <div class='ocr_carea' id='block_1_84' title="bbox 404 5373 1960 5453">
    <p class='ocr_par' dir='ltr' id='par_1_84' title="bbox 404 5373 1960 5453">
     <span class='ocr_line' id='line_1_84' title="bbox 404 5373 1960 5453; baseline -0.009 -13"><span class='ocrx_word' id='word_1_565' title='bbox 404 5388 723 5440; x_wconf 82' lang='grc' dir='ltr'>καταλιπεῖν</span> <span class='ocrx_word' id='word_1_566' title='bbox 745 5387 844 5453; x_wconf 81' lang='grc' dir='ltr'>τὴν</span> <span class='ocrx_word' id='word_1_567' title='bbox 881 5383 1155 5453; x_wconf 80' lang='grc' dir='ltr'>λαχοῦσαν</span> <span class='ocrx_word' id='word_1_568' title='bbox 1190 5381 1373 5445; x_wconf 82' lang='grc' dir='ltr'>αὑτὸν,</span> <span class='ocrx_word' id='word_1_569' title='bbox 1402 5379 1497 5431; x_wconf 81' lang='grc' dir='ltr'>καὶ</span> <span class='ocrx_word' id='word_1_570' title='bbox 1536 5373 1960 5447; x_wconf 76' lang='grc' dir='ltr'>σφετερίσασθαι</span> 
     </span>
    </p>
   </div>
   <div class='ocr_carea' id='block_1_85' title="bbox 404 5465 1961 5549">
    <p class='ocr_par' dir='ltr' id='par_1_85' title="bbox 404 5465 1961 5549">
     <span class='ocr_line' id='line_1_85' title="bbox 404 5465 1961 5549; baseline -0.008 -18"><span class='ocrx_word' id='word_1_571' title='bbox 404 5480 503 5549; x_wconf 78' lang='grc' dir='ltr'>τὴν</span> <span class='ocrx_word' id='word_1_572' title='bbox 530 5478 706 5547; x_wconf 80' lang='grc' dir='ltr'>ἑτέρῳ</span> <span class='ocrx_word' id='word_1_573' title='bbox 742 5479 1052 5547; x_wconf 82' lang='grc' dir='ltr'>ἀνήκουσαν</span> <span class='ocrx_word' id='word_1_574' title='bbox 1083 5474 1400 5542; x_wconf 86' lang='grc' dir='ltr'>ἐκκλησίαν.</span> <span class='ocrx_word' id='word_1_575' title='bbox 1431 5471 1531 5525; x_wconf 82' lang='grc' dir='ltr'><strong>Διά</strong></span> <span class='ocrx_word' id='word_1_576' title='bbox 1558 5486 1647 5523; x_wconf 86' lang='grc' dir='ltr'><strong>τοι</strong></span> <span class='ocrx_word' id='word_1_577' title='bbox 1669 5468 1849 5531; x_wconf 80' lang='grc' dir='ltr'>τοῦτο,</span> <span class='ocrx_word' id='word_1_578' title='bbox 1887 5465 1961 5535; x_wconf 80' lang='grc' dir='ltr'>μὴ</span> 
     </span>
    </p>
   </div>
   <div class='ocr_carea' id='block_1_86' title="bbox 408 5556 1964 5638">
    <p class='ocr_par' dir='ltr' id='par_1_86' title="bbox 408 5556 1964 5638">
     <span class='ocr_line' id='line_1_86' title="bbox 408 5556 1964 5638; baseline -0.009 -16"><span class='ocrx_word' id='word_1_579' title='bbox 408 5569 630 5622; x_wconf 65' lang='grc' dir='ltr'>ἀνεκτὸν</span> <span class='ocrx_word' id='word_1_580' title='bbox 670 5567 1004 5638; x_wconf 74' lang='grc' dir='ltr'>ἡγησάμενοι</span> <span class='ocrx_word' id='word_1_581' title='bbox 1035 5565 1128 5617; x_wconf 60' lang='grc' dir='ltr'><strong>ἐπὶ⁸</strong></span> <span class='ocrx_word' id='word_1_582' title='bbox 1155 5564 1323 5616; x_wconf 76' lang='grc' dir='ltr'>πολὺν</span> <span class='ocrx_word' id='word_1_583' title='bbox 1351 5562 1542 5632; x_wconf 91' lang='grc' dir='ltr'>χρόνον</span> <span class='ocrx_word' id='word_1_584' title='bbox 1583 5560 1792 5626; x_wconf 80' lang='grc' dir='ltr'>διάγειν</span> <span class='ocrx_word' id='word_1_585' title='bbox 1841 5556 1964 5609; x_wconf 85' lang='grc' dir='ltr'>ἐπί-</span> 
     </span>
    </p>
   </div>
   <div class='ocr_carea' id='block_1_87' title="bbox 411 5649 1963 5727">
    <p class='ocr_par' dir='ltr' id='par_1_87' title="bbox 411 5649 1963 5727">
     <span class='ocr_line' id='line_1_87' title="bbox 411 5649 1963 5727; baseline -0.008 -14"><span class='ocrx_word' id='word_1_586' title='bbox 411 5677 602 5713; x_wconf 83' lang='grc' dir='ltr'>σκοπον</span> <span class='ocrx_word' id='word_1_587' title='bbox 653 5652 737 5722; x_wconf 84' lang='grc' dir='ltr'><strong>είς</strong></span> <span class='ocrx_word' id='word_1_588' title='bbox 788 5656 1078 5727; x_wconf 83' lang='grc' dir='ltr'>ἀλλοτρίαν</span> <span class='ocrx_word' id='word_1_589' title='bbox 1111 5656 1344 5723; x_wconf 78' lang='grc' dir='ltr'>ἐνορίαν,</span> <span class='ocrx_word' id='word_1_590' title='bbox 1376 5653 1659 5722; x_wconf 86' lang='grc' dir='ltr'>ἐπήγαγον</span> <span class='ocrx_word' id='word_1_591' title='bbox 1705 5651 1800 5713; x_wconf 85' lang='grc' dir='ltr'>ὡς,</span> <span class='ocrx_word' id='word_1_592' title='bbox 1841 5649 1963 5701; x_wconf 74' lang='grc' dir='ltr'>ἐπεὶ</span> 
     </span>
    </p>
   </div>
   <div class='ocr_carea' id='block_1_88' title="bbox 410 5743 1963 5822">
    <p class='ocr_par' dir='ltr' id='par_1_88' title="bbox 410 5743 1963 5822">
     <span class='ocr_line' id='line_1_88' title="bbox 410 5743 1963 5822; baseline -0.008 -17"><span class='ocrx_word' id='word_1_593' title='bbox 410 5752 467 5805; x_wconf 86' lang='grc' dir='ltr'>τὸ</span> <span class='ocrx_word' id='word_1_594' title='bbox 496 5750 567 5822; x_wconf 79' lang='grc' dir='ltr'>μὴ</span> <span class='ocrx_word' id='word_1_595' title='bbox 592 5750 955 5821; x_wconf 81' lang='grc' dir='ltr'>ὑποδέχεσθαι</span> <span class='ocrx_word' id='word_1_596' title='bbox 980 5750 1103 5812; x_wconf 77' lang='grc' dir='ltr'>τοὺς</span> <span class='ocrx_word' id='word_1_597' title='bbox 1147 5747 1444 5817; x_wconf 81' lang='grc' dir='ltr'>ἐγχωρίους</span> <span class='ocrx_word' id='word_1_598' title='bbox 1494 5744 1824 5806; x_wconf 83' lang='grc' dir='ltr'>ἐπισκόπους</span> <span class='ocrx_word' id='word_1_599' title='bbox 1864 5743 1963 5813; x_wconf 84' lang='grc' dir='ltr'><strong>ἀρ-</strong></span> 
     </span>
    </p>
   </div>
   <div class='ocr_carea' id='block_1_89' title="bbox 414 5834 1963 5915">
    <p class='ocr_par' dir='ltr' id='par_1_89' title="bbox 414 5834 1963 5915">
     <span class='ocr_line' id='line_1_89' title="bbox 414 5834 1963 5915; baseline -0.007 -18"><span class='ocrx_word' id='word_1_600' title='bbox 414 5845 610 5915; x_wconf 72' lang='grc' dir='ltr'>χιερεῖς</span> <span class='ocrx_word' id='word_1_601' title='bbox 631 5842 838 5913; x_wconf 78' lang='grc' dir='ltr'>ἐτέρων</span> <span class='ocrx_word' id='word_1_602' title='bbox 861 5841 1084 5910; x_wconf 83' lang='grc' dir='ltr'>ἐνοριῶν</span> <span class='ocrx_word' id='word_1_603' title='bbox 1107 5838 1469 5909; x_wconf 55' lang='lat' dir='ltr'><strong>deessem»</strong></span> <span class='ocrx_word' id='word_1_604' title='bbox 1514 5839 1626 5891; x_wconf 84' lang='grc' dir='ltr'>ἐστι</span> <span class='ocrx_word' id='word_1_605' title='bbox 1656 5836 1748 5891; x_wconf 74' lang='grc' dir='ltr'>καὶ</span> <span class='ocrx_word' id='word_1_606' title='bbox 1788 5834 1963 5889; x_wconf 81' lang='grc' dir='ltr'>ἀπάν-</span> 
     </span>
    </p>
   </div>
   <div class='ocr_carea' id='block_1_90' title="bbox 2123 3273 3613 3351">
    <p class='ocr_par' dir='ltr' id='par_1_90' title="bbox 2123 3273 3613 3351">
     <span class='ocr_line' id='line_1_90' title="bbox 2123 3273 3613 3351; baseline -0.009 -15"><span class='ocrx_word' id='word_1_607' title='bbox 2123 3301 2142 3335; x_wconf 75' lang='grc' dir='ltr'><strong>ι</strong></span> <span class='ocrx_word' id='word_1_608' title='bbox 2179 3283 2298 3351; x_wconf 90' lang='lat' dir='ltr'><strong>gius</strong></span> <span class='ocrx_word' id='word_1_609' title='bbox 2344 3298 2372 3334; x_wconf 91' lang='lat' dir='ltr'><strong>a</strong></span> <span class='ocrx_word' id='word_1_610' title='bbox 2405 3296 2500 3335; x_wconf 88' lang='lat' dir='ltr'><strong>sua</strong></span> <span class='ocrx_word' id='word_1_611' title='bbox 2533 3278 2721 3334; x_wconf 89' lang='lat' dir='ltr'><strong>abesse</strong></span> <span class='ocrx_word' id='word_1_612' title='bbox 2751 3277 3016 3345; x_wconf 76' lang='lat' dir='ltr'><strong>lecelcsia,</strong></span> <span class='ocrx_word' id='word_1_613' title='bbox 3059 3284 3113 3329; x_wconf 91' lang='lat' dir='ltr'><strong>et</strong></span> <span class='ocrx_word' id='word_1_614' title='bbox 3134 3274 3233 3329; x_wconf 90' lang='lat' dir='ltr'><strong>sibi</strong></span> <span class='ocrx_word' id='word_1_615' title='bbox 3263 3273 3613 3328; x_wconf 89' lang='lat' dir='ltr'><strong>commissum</strong></span> 
     </span>
    </p>
   </div>
   <div class='ocr_carea' id='block_1_91' title="bbox 2127 3363 3615 3445">
    <p class='ocr_par' dir='ltr' id='par_1_91' title="bbox 2127 3363 3615 3445">
     <span class='ocr_line' id='line_1_91' title="bbox 2127 3363 3615 3445; baseline -0.005 -20"><span class='ocrx_word' id='word_1_616' title='bbox 2127 3394 2145 3425; x_wconf 74' lang='grc' dir='ltr'><strong>ι</strong></span> <span class='ocrx_word' id='word_1_617' title='bbox 2184 3374 2437 3445; x_wconf 89' lang='lat' dir='ltr'><strong>populum</strong></span> <span class='ocrx_word' id='word_1_618' title='bbox 2472 3371 2660 3427; x_wconf 81' lang='lat' dir='ltr'><strong>dolore</strong></span> <span class='ocrx_word' id='word_1_619' title='bbox 2699 3368 2932 3424; x_wconf 71' lang='lat' dir='ltr'><strong>allicere.</strong></span> <span class='ocrx_word' id='word_1_620' title='bbox 2965 3365 3165 3421; x_wconf 77' lang='lat' dir='ltr'><strong>omnes</strong></span> <span class='ocrx_word' id='word_1_621' title='bbox 3201 3364 3433 3445; x_wconf 85' lang='lat' dir='ltr'><strong>episcopi</strong></span> <span class='ocrx_word' id='word_1_622' title='bbox 3468 3363 3615 3417; x_wconf 76' lang='lat' dir='ltr'><strong>dixe-</strong></span> 
     </span>
    </p>
   </div>
   <div class='ocr_carea' id='block_1_92' title="bbox 2084 3444 3619 3536">
    <p class='ocr_par' dir='ltr' id='par_1_92' title="bbox 2084 3444 3619 3536">
     <span class='ocr_line' id='line_1_92' title="bbox 2084 3444 3619 3536; baseline -0.006 -17"><span class='ocrx_word' id='word_1_623' title='bbox 2084 3460 2089 3461; x_wconf 31' lang='lat'>’</span> <span class='ocrx_word' id='word_1_624' title='bbox 2122 3482 2149 3518; x_wconf 84' lang='grc' dir='ltr'>·ι</span> <span class='ocrx_word' id='word_1_625' title='bbox 2185 3475 2341 3531; x_wconf 91' lang='lat' dir='ltr'><strong>runt,</strong></span> <span class='ocrx_word' id='word_1_626' title='bbox 2387 3464 2526 3519; x_wconf 75' lang='lat' dir='ltr'><strong>lianc</strong></span> <span class='ocrx_word' id='word_1_627' title='bbox 2555 3477 2771 3536; x_wconf 86' lang='lat' dir='ltr'><strong>quoque</strong></span> <span class='ocrx_word' id='word_1_628' title='bbox 2796 3459 3118 3518; x_wconf 84' lang='lat' dir='ltr'><strong>sententiam</strong></span> <span class='ocrx_word' id='word_1_629' title='bbox 3148 3473 3269 3515; x_wconf 88' lang='lat' dir='ltr'><strong>esse</strong></span> <span class='ocrx_word' id='word_1_630' title='bbox 3290 3444 3619 3532; x_wconf 47' lang='lat' dir='ltr'><strong>convenienf</strong></span> 
     </span>
    </p>
   </div>
   <div class='ocr_carea' id='block_1_93' title="bbox 2133 3557 2533 3613">
    <p class='ocr_par' dir='ltr' id='par_1_93' title="bbox 2133 3557 2533 3613">
     <span class='ocr_line' id='line_1_93' title="bbox 2133 3557 2533 3613; baseline -0.003 -2"><span class='ocrx_word' id='word_1_631' title='bbox 2133 3577 2153 3611; x_wconf 80' lang='grc' dir='ltr'><strong>ι</strong></span> <span class='ocrx_word' id='word_1_632' title='bbox 2193 3557 2477 3613; x_wconf 89' lang='lat' dir='ltr'><strong>tissimam.</strong></span> <span class='ocrx_word' id='word_1_633' title='bbox 2510 3573 2533 3609; x_wconf 71' lang='grc' dir='ltr'><strong>ι</strong></span> 
     </span>
    </p>
   </div>
   <div class='ocr_carea' id='block_1_94' title="bbox 2126 3898 3621 3973">
    <p class='ocr_par' dir='ltr' id='par_1_94' title="bbox 2126 3898 3621 3973">
     <span class='ocr_line' id='line_1_94' title="bbox 2126 3898 3621 3973; baseline -0.011 -5"><span class='ocrx_word' id='word_1_634' title='bbox 2126 3911 2318 3973; x_wconf 84' lang='lat' dir='ltr'><strong>BALS.</strong></span> <span class='ocrx_word' id='word_1_635' title='bbox 2355 3908 2580 3966; x_wconf 90' lang='lat' dir='ltr'><strong>Omnem</strong></span> <span class='ocrx_word' id='word_1_636' title='bbox 2624 3904 2862 3964; x_wconf 89' lang='lat' dir='ltr'><strong>scandali</strong></span> <span class='ocrx_word' id='word_1_637' title='bbox 2905 3903 3247 3960; x_wconf 83' lang='lat' dir='ltr'><strong>occasionem</strong></span> <span class='ocrx_word' id='word_1_638' title='bbox 3309 3898 3621 3953; x_wconf 65' lang='lat' dir='ltr'><strong>auferentes</strong></span> 
     </span>
    </p>
   </div>
   <div class='ocr_carea' id='block_1_95' title="bbox 2057 3989 3620 4067">
    <p class='ocr_par' dir='ltr' id='par_1_95' title="bbox 2057 3989 3620 4067">
     <span class='ocr_line' id='line_1_95' title="bbox 2057 3989 3620 4067; baseline -0.013 -6"><span class='ocrx_word' id='word_1_639' title='bbox 2057 4004 2231 4061; x_wconf 89' lang='lat' dir='ltr'><strong>sancti</strong></span> <span class='ocrx_word' id='word_1_640' title='bbox 2265 4004 2478 4067; x_wconf 85' lang='lat' dir='ltr'><strong>Patres,</strong></span> <span class='ocrx_word' id='word_1_641' title='bbox 2514 4008 2867 4062; x_wconf 87' lang='lat' dir='ltr'><strong>statuerunt,</strong></span> <span class='ocrx_word' id='word_1_642' title='bbox 2914 4011 2982 4051; x_wconf 90' lang='lat' dir='ltr'><strong>ne</strong></span> <span class='ocrx_word' id='word_1_643' title='bbox 3025 3994 3310 4064; x_wconf 90' lang='lat' dir='ltr'><strong>episcopus</strong></span> <span class='ocrx_word' id='word_1_644' title='bbox 3336 4006 3365 4045; x_wconf 87' lang='lat' dir='ltr'><strong>a</strong></span> <span class='ocrx_word' id='word_1_645' title='bbox 3400 3989 3620 4045; x_wconf 83' lang='lat' dir='ltr'><strong>civitate</strong></span> 
     </span>
    </p>
   </div>
   <div class='ocr_carea' id='block_1_96' title="bbox 2059 4085 3691 4162">
    <p class='ocr_par' dir='ltr' id='par_1_96' title="bbox 2059 4085 3691 4162">
     <span class='ocr_line' id='line_1_96' title="bbox 2059 4085 3691 4162; baseline -0.013 -10"><span class='ocrx_word' id='word_1_646' title='bbox 2059 4098 2111 4153; x_wconf 88' lang='lat' dir='ltr'><strong>in</strong></span> <span class='ocrx_word' id='word_1_647' title='bbox 2135 4097 2432 4159; x_wconf 86' lang='lat' dir='ltr'><strong>civitatem,</strong></span> <span class='ocrx_word' id='word_1_648' title='bbox 2462 4094 2597 4148; x_wconf 88' lang='lat' dir='ltr'><strong>vela</strong></span> <span class='ocrx_word' id='word_1_649' title='bbox 2632 4090 2905 4162; x_wconf 83' lang='lat' dir='ltr'><strong>provincia</strong></span> <span class='ocrx_word' id='word_1_650' title='bbox 2937 4088 2989 4141; x_wconf 90' lang='lat' dir='ltr'><strong>in</strong></span> <span class='ocrx_word' id='word_1_651' title='bbox 3022 4085 3378 4156; x_wconf 86' lang='lat' dir='ltr'><strong>provinciam,</strong></span> <span class='ocrx_word' id='word_1_652' title='bbox 3416 4096 3512 4150; x_wconf 88' lang='lat' dir='ltr'><strong>per</strong></span> <span class='ocrx_word' id='word_1_653' title='bbox 3537 4095 3624 4132; x_wconf 81' lang='lat' dir='ltr'><strong>ar-</strong></span> <span class='ocrx_word' id='word_1_654' title='bbox 3690 4152 3691 4157; x_wconf 9' lang='grc' dir='ltr'><strong>γ</strong></span> 
     </span>
    </p>
   </div>
   <div class='ocr_carea' id='block_1_97' title="bbox 2058 4176 3653 4258">
    <p class='ocr_par' dir='ltr' id='par_1_97' title="bbox 2058 4176 3653 4258">
     <span class='ocr_line' id='line_1_97' title="bbox 2058 4176 3653 4258; baseline -0.013 -15"><span class='ocrx_word' id='word_1_655' title='bbox 2058 4188 2357 4258; x_wconf 87' lang='lat' dir='ltr'><strong>rogantiam</strong></span> <span class='ocrx_word' id='word_1_656' title='bbox 2418 4186 2500 4239; x_wconf 89' lang='lat' dir='ltr'><strong>vel</strong></span> <span class='ocrx_word' id='word_1_657' title='bbox 2555 4181 2836 4236; x_wconf 90' lang='lat' dir='ltr'><strong>avaritiam</strong></span> <span class='ocrx_word' id='word_1_658' title='bbox 2864 4186 3121 4234; x_wconf 88' lang='lat' dir='ltr'><strong>transeat.</strong></span> <span class='ocrx_word' id='word_1_659' title='bbox 3169 4176 3227 4230; x_wconf 91' lang='lat' dir='ltr'><strong>Si</strong></span> <span class='ocrx_word' id='word_1_660' title='bbox 3285 4182 3466 4227; x_wconf 87' lang='lat' dir='ltr'><strong>autem</strong></span> <span class='ocrx_word' id='word_1_661' title='bbox 3513 4178 3653 4225; x_wconf 64' lang='lat' dir='ltr'><strong>non”</strong></span> 
     </span>
    </p>
   </div>
   <div class='ocr_carea' id='block_1_98' title="bbox 2058 4259 3623 4346">
    <p class='ocr_par' dir='ltr' id='par_1_98' title="bbox 2058 4259 3623 4346">
     <span class='ocr_line' id='line_1_98' title="bbox 2058 4259 3623 4346; baseline -0.015 -13"><span class='ocrx_word' id='word_1_662' title='bbox 2058 4278 2155 4333; x_wconf 78' lang='lat' dir='ltr'><strong>ﬁat</strong></span> <span class='ocrx_word' id='word_1_663' title='bbox 2182 4285 2399 4346; x_wconf 88' lang='lat' dir='ltr'><strong>propter</strong></span> <span class='ocrx_word' id='word_1_664' title='bbox 2427 4288 2545 4329; x_wconf 91' lang='lat' dir='ltr'><strong>eam</strong></span> <span class='ocrx_word' id='word_1_665' title='bbox 2576 4286 2826 4333; x_wconf 89' lang='lat' dir='ltr'><strong>causam,</strong></span> <span class='ocrx_word' id='word_1_666' title='bbox 2874 4268 2968 4324; x_wconf 91' lang='lat' dir='ltr'><strong>sed</strong></span> <span class='ocrx_word' id='word_1_667' title='bbox 3001 4272 3218 4335; x_wconf 87' lang='lat' dir='ltr'><strong>propter</strong></span> <span class='ocrx_word' id='word_1_668' title='bbox 3262 4262 3465 4331; x_wconf 80' lang='lat' dir='ltr'><strong>aliquot</strong></span> <span class='ocrx_word' id='word_1_669' title='bbox 3507 4259 3623 4314; x_wconf 88' lang='lat' dir='ltr'><strong>die-</strong></span> 
     </span>
    </p>
   </div>
   <div class='ocr_carea' id='block_1_99' title="bbox 2058 4360 3625 4439">
    <p class='ocr_par' dir='ltr' id='par_1_99' title="bbox 2058 4360 3625 4439">
     <span class='ocr_line' id='line_1_99' title="bbox 2058 4360 3625 4439; baseline -0.012 -16"><span class='ocrx_word' id='word_1_670' title='bbox 2058 4384 2177 4423; x_wconf 90' lang='lat' dir='ltr'><strong>rum</strong></span> <span class='ocrx_word' id='word_1_671' title='bbox 2206 4369 2465 4439; x_wconf 85' lang='lat' dir='ltr'><strong>quietem,</strong></span> <span class='ocrx_word' id='word_1_672' title='bbox 2496 4365 2580 4420; x_wconf 91' lang='lat' dir='ltr'><strong>vel</strong></span> <span class='ocrx_word' id='word_1_673' title='bbox 2606 4363 2839 4433; x_wconf 89' lang='lat' dir='ltr'><strong>aliquam</strong></span> <span class='ocrx_word' id='word_1_674' title='bbox 2863 4361 3020 4415; x_wconf 89' lang='lat' dir='ltr'><strong>aliam</strong></span> <span class='ocrx_word' id='word_1_675' title='bbox 3048 4360 3245 4431; x_wconf 86' lang='lat' dir='ltr'><strong>justam</strong></span> <span class='ocrx_word' id='word_1_676' title='bbox 3274 4368 3489 4409; x_wconf 89' lang='lat' dir='ltr'><strong>causam</strong></span> <span class='ocrx_word' id='word_1_677' title='bbox 3514 4368 3529 4415; x_wconf 88' lang='lat'><strong>;</strong></span> <span class='ocrx_word' id='word_1_678' title='bbox 3555 4364 3625 4405; x_wconf 88' lang='lat' dir='ltr'><strong>ne</strong></span> 
     </span>
    </p>
   </div>
   <div class='ocr_carea' id='block_1_100' title="bbox 2060 4445 3626 4531">
    <p class='ocr_par' dir='ltr' id='par_1_100' title="bbox 2060 4445 3626 4531">
     <span class='ocr_line' id='line_1_100' title="bbox 2060 4445 3626 4531; baseline -0.013 -15"><span class='ocrx_word' id='word_1_679' title='bbox 2060 4462 2194 4531; x_wconf 91' lang='lat' dir='ltr'><strong>ipse,</strong></span> <span class='ocrx_word' id='word_1_680' title='bbox 2241 4474 2360 4516; x_wconf 91' lang='lat' dir='ltr'><strong>cum</strong></span> <span class='ocrx_word' id='word_1_681' title='bbox 2416 4459 2487 4514; x_wconf 93' lang='lat' dir='ltr'><strong>sit</strong></span> <span class='ocrx_word' id='word_1_682' title='bbox 2546 4458 2756 4521; x_wconf 89' lang='lat' dir='ltr'><strong>doctus,</strong></span> <span class='ocrx_word' id='word_1_683' title='bbox 2786 4455 3011 4509; x_wconf 89' lang='lat' dir='ltr'><strong>insultet</strong></span> <span class='ocrx_word' id='word_1_684' title='bbox 3083 4449 3319 4519; x_wconf 82' lang='lat' dir='ltr'><strong>regionis</strong></span> <span class='ocrx_word' id='word_1_685' title='bbox 3368 4445 3626 4513; x_wconf 89' lang='lat' dir='ltr'><strong>episcopo</strong></span> 
     </span>
    </p>
   </div>
   <div class='ocr_carea' id='block_1_101' title="bbox 293 4536 1953 4632">
    <p class='ocr_par' dir='ltr' id='par_1_101' title="bbox 293 4536 1953 4632">
     <span class='ocr_line' id='line_1_101' title="bbox 293 4536 1953 4632; baseline -0.004 -14"><span class='ocrx_word' id='word_1_686' title='bbox 293 4559 297 4564; x_wconf 66' lang='grc'><em>’</em></span> <span class='ocrx_word' id='word_1_687' title='bbox 400 4536 729 4624; x_wconf 76' lang='grc' dir='ltr'>ἐπισκόπου,</span> <span class='ocrx_word' id='word_1_688' title='bbox 759 4560 1005 4632; x_wconf 79' lang='grc' dir='ltr'>ἀμαθοῦς</span> <span class='ocrx_word' id='word_1_689' title='bbox 1038 4560 1167 4623; x_wconf 80' lang='grc' dir='ltr'>ἴσως</span> <span class='ocrx_word' id='word_1_690' title='bbox 1197 4560 1575 4629; x_wconf 72' lang='grc' dir='ltr'>τυγχάνοντοςο</span> <span class='ocrx_word' id='word_1_691' title='bbox 1620 4548 1756 4628; x_wconf 86' lang='grc' dir='ltr'><strong>μηδέ</strong></span> <span class='ocrx_word' id='word_1_692' title='bbox 1791 4556 1953 4612; x_wconf 77' lang='grc' dir='ltr'>αὐτὸν</span> 
     </span>
    </p>
   </div>
   <div class='ocr_carea' id='block_1_102' title="bbox 2057 4536 3625 4632">
    <p class='ocr_par' dir='ltr' id='par_1_102' title="bbox 2060 4536 3625 4621">
     <span class='ocr_line' id='line_1_102' title="bbox 2060 4536 3625 4621; baseline -0.013 -15"><span class='ocrx_word' id='word_1_693' title='bbox 2060 4552 2150 4621; x_wconf 91' lang='lat' dir='ltr'><strong>qui</strong></span> <span class='ocrx_word' id='word_1_694' title='bbox 2193 4552 2329 4605; x_wconf 82' lang='lat' dir='ltr'><strong>forte</strong></span> <span class='ocrx_word' id='word_1_695' title='bbox 2366 4557 2451 4603; x_wconf 90' lang='lat' dir='ltr'><strong>est</strong></span> <span class='ocrx_word' id='word_1_696' title='bbox 2478 4549 2728 4603; x_wconf 88' lang='lat' dir='ltr'><strong>indoctus</strong></span> <span class='ocrx_word' id='word_1_697' title='bbox 2752 4588 2768 4610; x_wconf 93' lang='lat'><strong>,</strong></span> <span class='ocrx_word' id='word_1_698' title='bbox 2815 4559 2913 4599; x_wconf 92' lang='lat' dir='ltr'><strong>nec</strong></span> <span class='ocrx_word' id='word_1_699' title='bbox 2943 4543 3057 4613; x_wconf 92' lang='lat' dir='ltr'><strong>ipse</strong></span> <span class='ocrx_word' id='word_1_700' title='bbox 3102 4540 3314 4594; x_wconf 91' lang='lat' dir='ltr'><strong>laudem</strong></span> <span class='ocrx_word' id='word_1_701' title='bbox 3353 4536 3625 4591; x_wconf 85' lang='lat' dir='ltr'><strong>desideret</strong></span> 
     </span>
    </p>
   </div>
   <div class='ocr_carea' id='block_1_103' title="bbox 2060 4621 3621 4711">
    <p class='ocr_par' dir='ltr' id='par_1_103' title="bbox 2060 4621 3621 4711">
     <span class='ocr_line' id='line_1_103' title="bbox 2060 4621 3621 4711; baseline -0.013 -16"><span class='ocrx_word' id='word_1_702' title='bbox 2060 4655 2157 4711; x_wconf 88' lang='lat' dir='ltr'><strong>per</strong></span> <span class='ocrx_word' id='word_1_703' title='bbox 2200 4638 2532 4708; x_wconf 84' lang='lat' dir='ltr'><strong>dogmaticas</strong></span> <span class='ocrx_word' id='word_1_704' title='bbox 2573 4636 2841 4691; x_wconf 90' lang='lat' dir='ltr'><strong>doctrinas</strong></span> <span class='ocrx_word' id='word_1_705' title='bbox 2875 4632 2950 4701; x_wconf 91' lang='lat' dir='ltr'><strong>(id</strong></span> <span class='ocrx_word' id='word_1_706' title='bbox 3000 4631 3142 4686; x_wconf 91' lang='lat' dir='ltr'><strong>enim</strong></span> <span class='ocrx_word' id='word_1_707' title='bbox 3191 4622 3274 4683; x_wconf 83' lang='lat' dir='ltr'><strong>est</strong></span> <span class='ocrx_word' id='word_1_708' title='bbox 3316 4626 3526 4693; x_wconf 88' lang='lat' dir='ltr'><strong>religio,</strong></span> <span class='ocrx_word' id='word_1_709' title='bbox 3566 4621 3621 4675; x_wconf 91' lang='lat' dir='ltr'><strong>id</strong></span> 
     </span>
    </p>
   </div>
   <div class='ocr_carea' id='block_1_104' title="bbox 2059 4716 3625 4794">
    <p class='ocr_par' dir='ltr' id='par_1_104' title="bbox 2059 4716 3625 4794">
     <span class='ocr_line' id='line_1_104' title="bbox 2059 4716 3625 4794; baseline -0.014 -9"><span class='ocrx_word' id='word_1_710' title='bbox 2059 4737 2166 4790; x_wconf 90' lang='lat' dir='ltr'><strong>est,</strong></span> <span class='ocrx_word' id='word_1_711' title='bbox 2196 4727 2370 4783; x_wconf 88' lang='lat' dir='ltr'><strong>cultus</strong></span> <span class='ocrx_word' id='word_1_712' title='bbox 2392 4738 2447 4782; x_wconf 90' lang='lat' dir='ltr'><strong>et</strong></span> <span class='ocrx_word' id='word_1_713' title='bbox 2471 4726 2647 4794; x_wconf 80' lang='lat' dir='ltr'><strong>ﬁdes),</strong></span> <span class='ocrx_word' id='word_1_714' title='bbox 2674 4722 2914 4794; x_wconf 89' lang='lat' dir='ltr'><strong>regionis</strong></span> <span class='ocrx_word' id='word_1_715' title='bbox 2937 4728 3114 4774; x_wconf 87' lang='lat' dir='ltr'><strong>autem</strong></span> <span class='ocrx_word' id='word_1_716' title='bbox 3150 4716 3459 4785; x_wconf 89' lang='lat' dir='ltr'><strong>episcopum</strong></span> <span class='ocrx_word' id='word_1_717' title='bbox 3490 4727 3625 4766; x_wconf 89' lang='lat' dir='ltr'><strong>con-</strong></span> 
     </span>
    </p>
   </div>
   <div class='ocr_carea' id='block_1_105' title="bbox 2063 4803 3622 4887">
    <p class='ocr_par' dir='ltr' id='par_1_105' title="bbox 2063 4803 3622 4887">
     <span class='ocr_line' id='line_1_105' title="bbox 2063 4803 3622 4887; baseline -0.013 -12"><span class='ocrx_word' id='word_1_718' title='bbox 2063 4828 2287 4882; x_wconf 88' lang='lat' dir='ltr'><strong>temnat,</strong></span> <span class='ocrx_word' id='word_1_719' title='bbox 2312 4828 2372 4873; x_wconf 88' lang='lat' dir='ltr'><strong>ut</strong></span> <span class='ocrx_word' id='word_1_720' title='bbox 2421 4818 2513 4887; x_wconf 90' lang='lat' dir='ltr'><strong>qui</strong></span> <span class='ocrx_word' id='word_1_721' title='bbox 2570 4814 2885 4884; x_wconf 69' lang='lat' dir='ltr'><strong>dogmaticm</strong></span> <span class='ocrx_word' id='word_1_722' title='bbox 2926 4810 3184 4864; x_wconf 73' lang='lat' dir='ltr'><strong>doctrina:</strong></span> <span class='ocrx_word' id='word_1_723' title='bbox 3232 4803 3622 4876; x_wconf 84' lang='lat' dir='ltr'><strong>experientiam</strong></span> 
     </span>
    </p>
   </div>
   <div class='ocr_carea' id='block_1_106' title="bbox 2061 4897 3624 4977">
    <p class='ocr_par' dir='ltr' id='par_1_106' title="bbox 2061 4897 3624 4977">
     <span class='ocr_line' id='line_1_106' title="bbox 2061 4897 3624 4977; baseline -0.015 -8"><span class='ocrx_word' id='word_1_724' title='bbox 2061 4929 2169 4969; x_wconf 87' lang='lat' dir='ltr'><strong>non</strong></span> <span class='ocrx_word' id='word_1_725' title='bbox 2192 4912 2430 4967; x_wconf 87' lang='lat' dir='ltr'><strong>habeat:</strong></span> <span class='ocrx_word' id='word_1_726' title='bbox 2477 4910 2570 4965; x_wconf 88' lang='lat' dir='ltr'><strong>sed</strong></span> <span class='ocrx_word' id='word_1_727' title='bbox 2627 4906 2915 4977; x_wconf 88' lang='lat' dir='ltr'><strong>quiescat,</strong></span> <span class='ocrx_word' id='word_1_728' title='bbox 2975 4913 3029 4957; x_wconf 90' lang='lat' dir='ltr'><strong>et</strong></span> <span class='ocrx_word' id='word_1_729' title='bbox 3082 4900 3321 4970; x_wconf 88' lang='lat' dir='ltr'><strong>regionis</strong></span> <span class='ocrx_word' id='word_1_730' title='bbox 3371 4897 3624 4965; x_wconf 89' lang='lat' dir='ltr'><strong>episc0po</strong></span> 
     </span>
    </p>
   </div>
   <div class='ocr_carea' id='block_1_107' title="bbox 2061 4987 3629 5061">
    <p class='ocr_par' dir='ltr' id='par_1_107' title="bbox 2061 4987 3629 5061">
     <span class='ocr_line' id='line_1_107' title="bbox 2061 4987 3629 5061; baseline -0.017 0"><span class='ocrx_word' id='word_1_731' title='bbox 2061 5002 2467 5061; x_wconf 82' lang='lat' dir='ltr'><strong>convenientem</strong></span> <span class='ocrx_word' id='word_1_732' title='bbox 2514 4990 2773 5056; x_wconf 81' lang='lat' dir='ltr'><strong>honorem</strong></span> <span class='ocrx_word' id='word_1_733' title='bbox 2838 4995 3054 5051; x_wconf 90' lang='lat' dir='ltr'><strong>habeat.</strong></span> <span class='ocrx_word' id='word_1_734' title='bbox 3106 4992 3261 5059; x_wconf 83' lang='lat' dir='ltr'><strong>Quod</strong></span> <span class='ocrx_word' id='word_1_735' title='bbox 3323 4990 3489 5049; x_wconf 87' lang='lat' dir='ltr'><strong>enim,</strong></span> <span class='ocrx_word' id='word_1_736' title='bbox 3546 4987 3629 5037; x_wconf 86' lang='lat' dir='ltr'><strong>in-</strong></span> 
     </span>
    </p>
   </div>
   <div class='ocr_carea' id='block_1_108' title="bbox 2063 5078 3626 5169">
    <p class='ocr_par' dir='ltr' id='par_1_108' title="bbox 2063 5078 3626 5169">
     <span class='ocr_line' id='line_1_108' title="bbox 2063 5078 3626 5169; baseline -0.016 -14"><span class='ocrx_word' id='word_1_737' title='bbox 2063 5099 2278 5169; x_wconf 87' lang='lat' dir='ltr'><strong>quiunt,</strong></span> <span class='ocrx_word' id='word_1_738' title='bbox 2329 5104 2524 5164; x_wconf 67' lang='lat' dir='ltr'><strong>praeter</strong></span> <span class='ocrx_word' id='word_1_739' title='bbox 2560 5094 2664 5147; x_wconf 85' lang='lat' dir='ltr'><strong>hoe</strong></span> <span class='ocrx_word' id='word_1_740' title='bbox 2712 5090 2801 5153; x_wconf 78' lang='lat' dir='ltr'><strong>tit,</strong></span> <span class='ocrx_word' id='word_1_741' title='bbox 2856 5087 3040 5142; x_wconf 76' lang='lat' dir='ltr'><strong>multae</strong></span> <span class='ocrx_word' id='word_1_742' title='bbox 3081 5094 3162 5141; x_wconf 89' lang='lat' dir='ltr'><strong>est</strong></span> <span class='ocrx_word' id='word_1_743' title='bbox 3200 5078 3626 5153; x_wconf 88' lang='lat' dir='ltr'><strong>perturbationis</strong></span> 
     </span>
    </p>
   </div>
   <div class='ocr_carea' id='block_1_109' title="bbox 2062 5175 3628 5254">
    <p class='ocr_par' dir='ltr' id='par_1_109' title="bbox 2062 5175 3628 5254">
     <span class='ocr_line' id='line_1_109' title="bbox 2062 5175 3628 5254; baseline -0.017 -7"><span class='ocrx_word' id='word_1_744' title='bbox 2062 5204 2247 5252; x_wconf 87' lang='lat' dir='ltr'><strong>causa,</strong></span> <span class='ocrx_word' id='word_1_745' title='bbox 2294 5198 2349 5243; x_wconf 89' lang='lat' dir='ltr'><strong>et</strong></span> <span class='ocrx_word' id='word_1_746' title='bbox 2401 5183 2659 5254; x_wconf 88' lang='lat' dir='ltr'><strong>suspicio,</strong></span> <span class='ocrx_word' id='word_1_747' title='bbox 2692 5180 2834 5251; x_wconf 89' lang='lat' dir='ltr'><strong>quod</strong></span> <span class='ocrx_word' id='word_1_748' title='bbox 2862 5180 2908 5234; x_wconf 89' lang='lat' dir='ltr'><strong>is</strong></span> <span class='ocrx_word' id='word_1_749' title='bbox 2938 5178 3151 5233; x_wconf 89' lang='lat' dir='ltr'><strong>studeat</strong></span> <span class='ocrx_word' id='word_1_750' title='bbox 3192 5175 3504 5241; x_wconf 89' lang='lat' dir='ltr'><strong>relinquere</strong></span> <span class='ocrx_word' id='word_1_751' title='bbox 3534 5184 3628 5223; x_wconf 88' lang='lat' dir='ltr'><strong>ec-</strong></span> 
     </span>
    </p>
   </div>
   <div class='ocr_carea' id='block_1_110' title="bbox 2064 5262 3628 5349">
    <p class='ocr_par' dir='ltr' id='par_1_110' title="bbox 2064 5262 3628 5349">
     <span class='ocr_line' id='line_1_110' title="bbox 2064 5262 3628 5349; baseline -0.017 -12"><span class='ocrx_word' id='word_1_752' title='bbox 2064 5282 2282 5338; x_wconf 85' lang='lat' dir='ltr'><strong>clesiam</strong></span> <span class='ocrx_word' id='word_1_753' title='bbox 2313 5294 2432 5349; x_wconf 70' lang='lat' dir='ltr'><strong>quae</strong></span> <span class='ocrx_word' id='word_1_754' title='bbox 2459 5276 2607 5331; x_wconf 92' lang='lat' dir='ltr'><strong>illum</strong></span> <span class='ocrx_word' id='word_1_755' title='bbox 2634 5274 2823 5329; x_wconf 88' lang='lat' dir='ltr'><strong>sortita</strong></span> <span class='ocrx_word' id='word_1_756' title='bbox 2857 5279 2959 5335; x_wconf 89' lang='lat' dir='ltr'><strong>est,</strong></span> <span class='ocrx_word' id='word_1_757' title='bbox 2991 5279 3046 5325; x_wconf 89' lang='lat' dir='ltr'><strong>et</strong></span> <span class='ocrx_word' id='word_1_758' title='bbox 3078 5283 3220 5329; x_wconf 89' lang='lat' dir='ltr'><strong>eam,</strong></span> <span class='ocrx_word' id='word_1_759' title='bbox 3254 5279 3370 5333; x_wconf 70' lang='lat' dir='ltr'><strong>quze</strong></span> <span class='ocrx_word' id='word_1_760' title='bbox 3396 5263 3463 5317; x_wconf 90' lang='lat' dir='ltr'><strong>ad</strong></span> <span class='ocrx_word' id='word_1_761' title='bbox 3492 5262 3628 5314; x_wconf 83' lang='lat' dir='ltr'><strong>alle-</strong></span> 
     </span>
    </p>
   </div>
   <div class='ocr_carea' id='block_1_111' title="bbox 2009 5361 3631 5439">
    <p class='ocr_par' dir='ltr' id='par_1_111' title="bbox 2009 5361 3631 5439">
     <span class='ocr_line' id='line_1_111' title="bbox 2009 5361 3631 5439; baseline -0.015 -11"><span class='ocrx_word' id='word_1_762' title='bbox 2009 5404 2018 5411; x_wconf 84' lang='lat'><strong>-</strong></span> <span class='ocrx_word' id='word_1_763' title='bbox 2064 5388 2184 5427; x_wconf 86' lang='lat' dir='ltr'><strong>rum</strong></span> <span class='ocrx_word' id='word_1_764' title='bbox 2228 5370 2479 5439; x_wconf 88' lang='lat' dir='ltr'><strong>pertinet.</strong></span> <span class='ocrx_word' id='word_1_765' title='bbox 2521 5366 2623 5421; x_wconf 91' lang='lat' dir='ltr'><strong>sibi</strong></span> <span class='ocrx_word' id='word_1_766' title='bbox 2658 5364 2956 5418; x_wconf 89' lang='lat' dir='ltr'><strong>vindicare.</strong></span> <span class='ocrx_word' id='word_1_767' title='bbox 2995 5361 3060 5413; x_wconf 89' lang='lat' dir='ltr'><strong>Et</strong></span> <span class='ocrx_word' id='word_1_768' title='bbox 3093 5367 3373 5427; x_wconf 88' lang='lat' dir='ltr'><strong>propterea</strong></span> <span class='ocrx_word' id='word_1_769' title='bbox 3408 5369 3513 5407; x_wconf 91' lang='lat' dir='ltr'><strong>non</strong></span> <span class='ocrx_word' id='word_1_770' title='bbox 3551 5361 3631 5405; x_wconf 82' lang='lat' dir='ltr'><strong>to-</strong></span> 
     </span>
    </p>
   </div>
   <div class='ocr_carea' id='block_1_112' title="bbox 2065 5450 3630 5521">
    <p class='ocr_par' dir='ltr' id='par_1_112' title="bbox 2065 5450 3630 5521">
     <span class='ocr_line' id='line_1_112' title="bbox 2065 5450 3630 5521; baseline -0.015 -4"><span class='ocrx_word' id='word_1_771' title='bbox 2065 5461 2344 5517; x_wconf 89' lang='lat' dir='ltr'><strong>lerandum</strong></span> <span class='ocrx_word' id='word_1_772' title='bbox 2389 5473 2509 5514; x_wconf 88' lang='lat' dir='ltr'><strong>esse</strong></span> <span class='ocrx_word' id='word_1_773' title='bbox 2548 5457 2694 5519; x_wconf 88' lang='lat' dir='ltr'><strong>rati,</strong></span> <span class='ocrx_word' id='word_1_774' title='bbox 2744 5462 2803 5509; x_wconf 90' lang='lat' dir='ltr'><strong>ut</strong></span> <span class='ocrx_word' id='word_1_775' title='bbox 2848 5453 3131 5521; x_wconf 87' lang='lat' dir='ltr'><strong>episc0pus</strong></span> <span class='ocrx_word' id='word_1_776' title='bbox 3174 5450 3333 5517; x_wconf 85' lang='lat' dir='ltr'><strong>longo</strong></span> <span class='ocrx_word' id='word_1_777' title='bbox 3388 5456 3630 5512; x_wconf 86' lang='lat' dir='ltr'><strong>tempore</strong></span> 
     </span>
    </p>
   </div>
   <div class='ocr_carea' id='block_1_113' title="bbox 2064 5533 3625 5621">
    <p class='ocr_par' dir='ltr' id='par_1_113' title="bbox 2064 5533 3625 5621">
     <span class='ocr_line' id='line_1_113' title="bbox 2064 5533 3625 5621; baseline -0.015 -10"><span class='ocrx_word' id='word_1_778' title='bbox 2064 5563 2312 5610; x_wconf 78' lang='lat' dir='ltr'><strong>versetur</strong></span> <span class='ocrx_word' id='word_1_779' title='bbox 2368 5553 2422 5606; x_wconf 90' lang='lat' dir='ltr'><strong>in</strong></span> <span class='ocrx_word' id='word_1_780' title='bbox 2472 5551 2647 5604; x_wconf 86' lang='lat' dir='ltr'><strong>aliena</strong></span> <span class='ocrx_word' id='word_1_781' title='bbox 2705 5546 2925 5602; x_wconf 65' lang='lat' dir='ltr'><strong>dioecesi</strong></span> <span class='ocrx_word' id='word_1_782' title='bbox 2954 5543 3441 5621; x_wconf 30' lang='lat' dir='ltr'><strong>“subiunxerunt,</strong></span> <span class='ocrx_word' id='word_1_783' title='bbox 3485 5533 3625 5601; x_wconf 72' lang='grc' dir='ltr'>(μιοά</span> 
     </span>
    </p>
   </div>
   <div class='ocr_carea' id='block_1_114' title="bbox 2066 5614 3665 5715">
    <p class='ocr_par' dir='ltr' id='par_1_114' title="bbox 2066 5614 3665 5715">
     <span class='ocr_line' id='line_1_114' title="bbox 2066 5614 3665 5715; baseline -0.011 -16"><span class='ocrx_word' id='word_1_784' title='bbox 2066 5645 2189 5715; x_wconf 79' lang='lat' dir='ltr'><strong>quia</strong></span> <span class='ocrx_word' id='word_1_785' title='bbox 2245 5654 2389 5699; x_wconf 87' lang='lat' dir='ltr'><strong>esset</strong></span> <span class='ocrx_word' id='word_1_786' title='bbox 2444 5643 2793 5697; x_wconf 86' lang='lat' dir='ltr'><strong>inhumanum</strong></span> <span class='ocrx_word' id='word_1_787' title='bbox 2853 5646 2907 5691; x_wconf 89' lang='lat' dir='ltr'><strong>et</strong></span> <span class='ocrx_word' id='word_1_788' title='bbox 2959 5654 2985 5688; x_wconf 90' lang='lat' dir='ltr'><strong>a</strong></span> <span class='ocrx_word' id='word_1_789' title='bbox 3039 5616 3279 5688; x_wconf 73' lang='lat' dir='ltr'><strong>fraterna</strong></span> <span class='ocrx_word' id='word_1_790' title='bbox 3345 5614 3665 5683; x_wconf 32' lang='lat' dir='ltr'><strong>dilectione‘</strong></span> 
     </span>
    </p>
   </div>
   <div class='ocr_carea' id='block_1_115' title="bbox 2066 5724 3632 5802">
    <p class='ocr_par' dir='ltr' id='par_1_115' title="bbox 2066 5724 3632 5802">
     <span class='ocr_line' id='line_1_115' title="bbox 2066 5724 3632 5802; baseline -0.013 -11"><span class='ocrx_word' id='word_1_791' title='bbox 2066 5737 2323 5801; x_wconf 87' lang='lat' dir='ltr'><strong>alienum,</strong></span> <span class='ocrx_word' id='word_1_792' title='bbox 2347 5735 2392 5790; x_wconf 87' lang='lat' dir='ltr'><strong>si</strong></span> <span class='ocrx_word' id='word_1_793' title='bbox 2423 5733 2658 5802; x_wconf 75' lang='lat' dir='ltr'><strong>regimiis</strong></span> <span class='ocrx_word' id='word_1_794' title='bbox 2691 5729 2926 5799; x_wconf 91' lang='lat' dir='ltr'><strong>episcopi</strong></span> <span class='ocrx_word' id='word_1_795' title='bbox 2958 5727 3184 5783; x_wconf 87' lang='lat' dir='ltr'><strong>aliarum</strong></span> <span class='ocrx_word' id='word_1_796' title='bbox 3208 5724 3512 5777; x_wconf 68' lang='lat' dir='ltr'><strong>dimceseon</strong></span> <span class='ocrx_word' id='word_1_797' title='bbox 3536 5734 3632 5771; x_wconf 84' lang='lat' dir='ltr'><strong>an-</strong></span> 
     </span>
    </p>
   </div>
   <div class='ocr_carea' id='block_1_116' title="bbox 2070 5822 3738 5897">
    <p class='ocr_par' dir='ltr' id='par_1_116' title="bbox 2070 5822 3738 5897">
     <span class='ocr_line' id='line_1_116' title="bbox 2070 5822 3738 5897; baseline -0.014 -10"><span class='ocrx_word' id='word_1_798' title='bbox 2070 5831 2265 5888; x_wconf 86' lang='lat' dir='ltr'><strong>tistites</strong></span> <span class='ocrx_word' id='word_1_799' title='bbox 2287 5844 2390 5886; x_wconf 89' lang='lat' dir='ltr'><strong>non</strong></span> <span class='ocrx_word' id='word_1_800' title='bbox 2426 5828 2766 5882; x_wconf 87' lang='lat' dir='ltr'><strong>admitterent</strong></span> <span class='ocrx_word' id='word_1_801' title='bbox 2797 5842 2809 5879; x_wconf 92' lang='lat'><strong>:</strong></span> <span class='ocrx_word' id='word_1_802' title='bbox 2844 5836 3049 5877; x_wconf 86' lang='lat' dir='ltr'><strong>canone</strong></span> <span class='ocrx_word' id='word_1_803' title='bbox 3070 5827 3247 5874; x_wconf 89' lang='lat' dir='ltr'><strong>autem</strong></span> <span class='ocrx_word' id='word_1_804' title='bbox 3271 5823 3490 5873; x_wconf 86' lang='lat' dir='ltr'><strong>cautum</strong></span> <span class='ocrx_word' id='word_1_805' title='bbox 3524 5822 3628 5876; x_wconf 89' lang='lat' dir='ltr'><strong>est,</strong></span> <span class='ocrx_word' id='word_1_806' title='bbox 3730 5888 3738 5897; x_wconf 26' lang='grc' dir='ltr'>ι</span> 
     </span>
    </p>
   </div>
  </div>
