4052 6410
325 370 460 439 1469

1441 372 1521 433 IN
1559 373 1723 435 CAN.
1766 373 1886 434 XII
1926 368 2134 440 CONC.
2178 375 2473 439 SABDIC.

3422 377 3562 445 14ἲο

404 502 425 537 ε
462 498 592 549 που,
624 481 720 537 τοῦ
749 479 1270 553 προσκαλεσαμένου
1310 480 1522 536 ἰδιώτου
1572 482 1878 552 τυγχάνον-

2067 502 2088 536 ‹
2118 486 2348 540 accersit
2402 487 2474 541 sit
2530 485 2829 555 imperitus,
2864 502 2931 542 ne
2956 487 3116 542 nimis
3146 487 3363 544 assidue
3418 506 3553 545 con-

394 594 417 630 ε
452 592 566 641 τος,
606 575 681 648 μὴ
712 573 1102 645 συνεχέστερον
1130 574 1504 644 δημηγοροίησ
1541 576 1734 643 μῶμος
1778 574 1887 643 γάρ

396 687 418 725 ι
469 668 630 724 τοῦτο
657 667 750 721 τοῦ
780 667 1018 731 ἰδιώτου,
1047 668 1144 721 καὶ
1197 666 1464 736 μνηστεία
1502 666 1604 735 τῆς
1658 668 1886 719 ἐπισκο-

372 775 421 811 ἐ
460 760 568 829 πῆς
600 758 812 812 ἐκείνου
837 775 853 790 ο
894 760 989 812 καὶ
1030 756 1320 829 ἀμφότερα
1361 758 1465 811 οὐκ
1522 757 1822 827 άμώμητα.
1861 775 1881 808 ›

320 849 542 905 ΑΡΙΣΤ.
612 867 631 901 ι
704 847 977 919 Ἀνάγκης
1027 847 1149 917 δίχα
1205 846 1465 918 βραχείας
1515 847 1777 917 δυσχερὲς
1826 846 1888 901 τὸ

404 960 424 995 ε
466 941 559 993 ἐπὶ
587 938 841 994 πλεῖστον
867 939 958 993 τὸν
982 941 1287 995 ἐπίσκοπον
1310 942 1413 1012 τῆς
1439 940 1651 999 οἰκείας
1690 939 1889 1010 ἐκκλη-

402 1052 421 1084 ι
469 1032 592 1094 σίας
622 1032 1128 1101 ἀπολιμπάνεσθαι.
1174 1051 1191 1084 ι
1778 1094 1783 1097 Α

394 1124 459 1178 Et
489 1141 575 1187 τις
597 1123 706 1179 τῶν
754 1124 1068 1178 ἐπισκόπων
1135 1124 1216 1187 είς
1272 1124 1466 1194 ἑτέραν
1505 1123 1887 1193 παραγένηται

322 1214 495 1280 πόλιν,
516 1214 669 1285 παρὰ
691 1213 786 1268 τοῦ
808 1215 949 1269 κατὰ
965 1215 1149 1286 χώραν
1173 1214 1541 1285 προσκληθεὶς
1560 1214 1885 1277 ἐπισκόπου,

322 1307 418 1359 καὶ
439 1307 469 1360 ὁ
500 1307 1023 1377 προσκαλεσάμενος
1048 1305 1213 1359 αὑτὸν
1235 1304 1336 1357 οὑκ
1373 1304 1489 1357 ἐστι
1524 1300 1886 1365 διδασκαλίας

322 1398 585 1470 ἐμπειρος
613 1416 629 1431 ο
686 1398 763 1469 μὴ
811 1399 1113 1455 διδασκέτω
1174 1397 1566 1469 συνεχέστερον
1611 1396 1703 1448 τὸν
1735 1393 1886 1459 λαὸν,

323 1487 421 1547 καὶ,
452 1486 798 1557 δημηγορίας
822 1486 1070 1541 ποιείτω.
1101 1485 1274 1539 Τοῦτο
1304 1485 1415 1555 γὰρ
1443 1484 1691 1555 ταραχὰς
1728 1481 1886 1537 εῐωθε

321 1576 635 1649 προξενεῖν,
669 1576 763 1631 καὶ
799 1578 1205 1649 καταφρόνησιν
1243 1578 1495 1647 ἐμποιεῖν
1530 1577 1610 1647 τῷ
1637 1592 1886 1647 προσκα-

320 1669 542 1725 λέσαντι
575 1669 741 1723 αὐτὸν
776 1668 1086 1739 ἐπισκόπῳ.
1117 1668 1357 1723 Δοκεῖδέ
1385 1667 1482 1723 καὶ
1508 1668 1598 1721 διὰ
1642 1667 1741 1734 τῆς
1770 1668 1888 1719 ἐπι-

322 1761 541 1826 δείξεως
571 1760 777 1831 ταύτης
804 1761 905 1833 τὴν
936 1760 1225 1832 ἀλλοτρίαν
1253 1759 1767 1832 προμνηστεύεσθαι
1794 1760 1887 1813 ἐκ·

323 1852 579 1919 κλησίαν,
613 1854 822 1907 καὶτὸν
853 1853 980 1906 λαδν
1008 1854 1089 1916 εἰς
1111 1852 1306 1911 ἑαυτὸν
1331 1852 1536 1916 ἕλκειν,
1577 1852 1672 1906 καὶ
1720 1869 1889 1906 σπου·

1912 1818 1962 1878 Β

2070 594 2091 626 ε
2127 576 2393 641 cionetur,
2427 578 2525 631 hoc
2550 578 2693 631 enim
2736 578 2989 648 imperito
3022 578 3266 633 dedecori
3291 579 3402 633 erit
3427 618 3443 644 ,
3498 591 3552 633 et

2068 682 2089 715 ε
2128 667 2266 720 alter
2318 668 2686 737 episcopatum
2743 670 2858 737 ejus
2893 668 3101 723 ambire
3162 669 3452 725 videbitur.
3487 670 3553 725 Et

2069 771 2090 805 ι
2123 763 2408 823 utrumque
2455 757 3010 826 reprehendendunm

1985 846 2214 903 ARIST.
2260 867 2278 900 ι
2312 847 2439 904 Sine
2470 851 2617 918 graVi
2649 853 2967 905 necessitate
3016 853 3325 922 cpiscOpum
3380 866 3409 905 a
3454 866 3551 905 sua

2164 955 2184 989 ι
2217 937 2417 993 diutius
2457 940 2648 995 abesse
2691 939 2926 995 Ecclesia
2957 944 3180 997 arduum
3216 936 3318 997 est.
3349 960 3367 993 ι

2063 1113 2118 1168 Si
2151 1115 2273 1183 quis
2296 1116 2584 1185 episcopus
2637 1119 2703 1172 ad
2759 1118 2917 1172 aliam
2983 1121 3206 1175 accedat
3254 1120 3550 1179 civitatem,

1986 1207 2055 1261 ab
2084 1209 2201 1277 ipso
2235 1209 2469 1275 regionis
2491 1211 2745 1279 episcopo
2773 1225 3015 1277 vocatus,
3033 1216 3189 1282 etqui
3209 1230 3328 1267 eum
3348 1212 3553 1266 vocavit

1987 1316 2095 1356 non
2122 1310 2207 1355 est
2231 1303 2472 1356 doctrina
2505 1303 2827 1371 instructus,
2896 1322 2962 1360 ne
3020 1306 3333 1373 frequenter
3384 1320 3553 1373 popu-

1985 1393 2094 1447 lum
2124 1394 2335 1461 doceat,
2368 1405 2421 1449 et
2452 1398 2740 1451 conciones
2772 1398 2952 1452 faciat.
3012 1398 3123 1452 Huc
3152 1400 3295 1453 enim
3348 1397 3553 1451 tumul-

1986 1493 2073 1540 tus
2113 1484 2357 1540 excitare
2385 1486 2544 1552 solet,
2599 1498 2655 1541 et
2704 1489 2959 1557 ρρίειοονο
2997 1489 3090 1558 qui
3137 1506 3258 1543 eum
3320 1488 3551 1551 vocavit,

1988 1585 2363 1646 contemptum
2396 1577 2612 1634 afferre.
2646 1579 2873 1633 Videtur
2932 1592 3108 1633 autem
3143 1588 3197 1633 et
3249 1595 3345 1645 per
3371 1589 3554 1632 osten-

1986 1668 2247 1723 tationem
2272 1669 2429 1723 istam
2454 1668 2683 1724 alienam
2727 1670 2934 1725 ambire
2969 1670 3269 1725 Ecclesiam
3301 1682 3355 1724 et
3385 1685 3551 1735 ponn-

1986 1757 2097 1812 lum
2118 1759 2187 1815 ad
2213 1775 2271 1815 se
2301 1761 2594 1829 attrahere,
2625 1772 2677 1817 et
2725 1765 2946 1819 studere
3008 1763 3110 1818 sibi
3164 1763 3417 1815 traditam
3456 1759 3557 1812 Er-

1993 1852 2211 1907 clesiam
2234 1855 2560 1924 relinquere,
2587 1867 2641 1913 et
2670 1857 2724 1911 in
2756 1872 2874 1911 eam
2902 1855 3212 1911 transferri.
3253 1854 3545 1920 Propterea

320 1942 502 2007 δάζειν
521 1943 791 2016 τὴνιαύτῷ
808 1945 1205 2014 παραδοθεῖσαν
1223 1943 1522 2015 ἐκκλησίαν
1540 1944 1885 2009 καταλιπεῖν,

2003 1944 2433 2014 itaqueldecrevit
2464 1960 2648 2004 sancta
2682 1950 2917 2019 synodus
2934 1949 3241 2018 episcopum
3260 1946 3552 2000 admissum

322 2035 419 2089 καὶ
453 2038 536 2099 εἰς
556 2037 762 2106 ταύτην
795 2034 1185 2106 μετατεθῆναι,
1210 2035 1401 2106 ’Ὢρισε
1433 2033 1565 2103 γοῦν
1596 2035 1684 2089 διὰ
1711 2034 1883 2089 ταῦτα

2003 2047 2100 2086 non
2118 2033 2397 2103 plusquam
2413 2047 2525 2092 tres
2542 2038 2867 2106 septimanos
2885 2053 3036 2092 suam
3059 2039 3363 2105 relinquere
3381 2035 3556 2089 cccle-

324 2131 356 2198 ἡ
394 2128 527 2196 ἁγία
591 2127 811 2193 σύνοδος
875 2130 951 2200 μὴ
998 2130 1161 2183 πλέον
1210 2127 1377 2198 τριῶν
1428 2126 1744 2196 ἐϐδομάδων
1797 2126 1889 2179 τὸν

2003 2129 2152 2194 siam,
2181 2130 2272 2184 sed
2308 2130 2373 2185 ad
2402 2132 2651 2200 populum
2682 2134 2781 2186 sibi
2816 2132 3183 2187 coucreditmn
3217 2132 3410 2188 redire.
3453 2129 3551 2183 nisi

326 2219 731 2294 προσδεχθέντα
757 2220 1058 2274 ἐπίσκοπον
1086 2221 1184 2289 τῆς
1206 2218 1404 2274 ἐαυτοῦ
1430 2219 1726 2287 ἐκκλησίας
1749 2216 1889 2271 ἀπο-

2003 2220 2220 2276 ὀτιεεεε
2242 2225 2558 2292 gravissima
2588 2226 2769 2294 aliqua
2821 2226 3136 2287 necessitas,
3162 2233 3254 2276 aut
3281 2222 3552 2291 negotium

322 2308 729 2377 λιμπάνεσθαι’
758 2310 876 2364 ἀλλ’
928 2308 1130 2375 είςιτδν
1177 2310 1689 2379 ἐμπεπιστευμένον
1741 2307 1889 2378 αύτῷ

2003 2311 2205 2379 aliquod
2231 2313 2443 2370 difﬁcile
2473 2330 2594 2370 enm
2629 2316 2841 2385 longius
2869 2317 3055 2371 abesse
3096 2326 3275 2381 cogat.

322 2401 452 2458 λαδν
491 2402 876 2474 ὑποστρέφειν,
927 2405 975 2457 εί
1009 2404 1085 2476 μή
1136 2402 1239 2457 πού
1278 2420 1363 2467 τις
1392 2402 1553 2457 αὐτὸν
1588 2401 1866 2475 βαρυτάτη
1902 2400 2121 2473 ἀνάγκη
2150 2404 2183 2475 ἢ
2217 2406 2449 2479 πρᾶγμά
2480 2425 2531 2461 τι
2600 2407 2861 2479 δυσχερὲς
2914 2408 3009 2460 καὶ
3060 2407 3151 2459 ἐπὶ
3200 2405 3364 2459 πλέον
3423 2406 3556 2459 ἀπο-

323 2498 692 2569 λιμπάνεσθαι
713 2500 977 2555 ἐκϐιάσοι.

915 2593 1157 2648 ΚᾹΝΩΝ
1202 2592 1303 2649 ῙΒ’.

334 2701 356 2738 ε
405 2684 563 2749 Τινὲς
586 2685 695 2741 τῶν
720 2685 966 2755 ἀδελφῶν
991 2686 1085 2739 καὶ
1121 2683 1540 2739 συνεπισκόπων
1569 2683 1626 2736 ἐν
1654 2683 1773 2747 ταῖς
1795 2679 1893 2734 πό-

408 2796 429 2830 ι
453 2777 641 2855 πλξσιν,
674 2779 733 2832 ἐν
787 2773 878 2842 αἶς
930 2778 1223 2831 ἐπίσκοποι
1263 2777 1638 2840 καθίστανται,
1674 2772 1891 2828 δοκοῦσι

409 2886 430 2921 ε
476 2868 777 2939 κεκτῆσθαι
834 2868 1040 2939 σφόδρα
1095 2862 1255 2937 ὀλίγα
1305 2866 1623 2938 ὑπάρχοντα
1675 2862 1801 2928 ῐδια,
1831 2864 1890 2917 ἐν

409 2978 428 3013 ι
474 2960 685 3031 ἐτέροις
716 2960 775 3013 δέ
807 2963 996 3024 τόποις
1027 2960 1253 3029 κτήσεις
1286 2957 1548 3026 μεγάλας,
1597 2947 1762 3020 ἐξῶν
1795 2954 1889 3010 mi.

417 3068 438 3103 ε
480 3049 798 3120 ἐπικουρεῖν
828 3048 1045 3102 δυνατοί
1070 3050 1177 3100 είσι
1201 3049 1314 3110 τοῖς
1338 3048 1569 3115 πένησι·
1594 3044 1766 3107 οὕτως
1791 3045 1888 3099 αύ-

409 3165 429 3199 ι
472 3145 586 3207 τοῖς
621 3141 1008 3215 συγχωρητέον
1037 3135 1176 3194 εἶναι
1207 3138 1400 3209 κρίνω,
1431 3138 1537 3203 ἵνα,
1564 3137 1613 3190 εί
1634 3136 1892 3208 μέλλοιεν

419 3256 439 3289 ι
482 3238 564 3298 εἰς
588 3234 688 3298 τὰς
713 3234 922 3288 ἑαυτῶν
969 3230 1365 3301 παραγίνεσθαι
1400 3231 1642 3297 κτήσεις,
1677 3229 1773 3285 καὶ
1798 3227 1895 3299 τὴν

412 3350 432 3384 ι
489 3328 826 3400 συγκομιδὴν
868 3326 977 3380 τῶν
1007 3326 1238 3397 καρπῶν
1273 3324 1548 3388 ποεῖσθαι,
1582 3325 1730 3393 τρεῖς
1780 3322 1896 3375 Κυ-

410 3446 430 3479 ι
451 3405 673 3494 ’ριακάς
705 3423 943 3497 ἡμέρας,
976 3419 1123 3476 τοῦτ’
1165 3419 1281 3475 ἐστι
1310 3419 1463 3491 τρεῖς
1488 3416 1810 3487 ἑϐδομάδας,
1838 3414 1899 3469 ἐν

410 3534 431 3568 ε
478 3518 591 3580 τοῖς
620 3515 829 3579 ἐαυτῶν
849 3514 1125 3584 κτήμασιν
1150 3511 1346 3574 αὐτοὺς
1371 3510 1599 3579 διάγειν,
1632 3514 1726 3563 καὶ
1751 3509 1811 3562 ἐν
1829 3508 1897 3579 τῇ

426 3628 446 3662 ε
491 3605 893 3679 ἀγχιστευούσῃ
925 3602 1212 3673 ἐκκλησία,
1232 3604 1288 3656 ἐν
1311 3596 1343 3673 ᾖ
1364 3600 1735 3673 πρεσϐύτερος
1767 3616 1896 3653 συνο

420 3719 439 3752 ι
491 3710 639 3767 αγει,
681 3696 819 3765 ὑπὲρ
846 3693 938 3747 τοῦ
974 3694 1049 3763 μὴ
1091 3692 1262 3761 χωρὶς
1295 3688 1669 3753 συνελεύσεως
1734 3686 1898 3743 αὐτὸν

418 3813 437 3842 ε
492 3790 671 3842 δοκεῖν
701 3786 863 3844 εῖναι.
897 3781 1258 3852 συνέρχεσθαι
1290 3781 1386 3833 καὶ
1435 3779 1772 3848 λειτουργεῖν
1803 3776 1899 3830 καὶ

410 3900 430 3934 ε
491 3878 565 3950 μὴ
601 3874 987 3947 συνεχέστερον
1018 3874 1097 3935 είς
1123 3871 1222 3942 τὴν
1250 3871 1428 3935 πόλιν,
1461 3870 1518 3922 ἐν
1607 3870 1754 3922 ἐστιν
1781 3866 1899 3920 ἐπί-

416 3992 435 4025 ι
483 3987 710 4034 σκοπος,
740 3967 1153 4037 παραγίγνοιτο.
1206 3962 1408 4018 Τοῦτον
1439 3962 1549 4033 γὰρ
1582 3961 1671 4015 τὸν
1701 3961 1899 4032 τρόπον

420 4085 438 4117 ε
489 4064 585 4118 καὶ
614 4063 682 4116 τὰ
708 4061 883 4114 οἰκεῖα
910 4057 1075 4113 αὑτοῦ
1102 4057 1401 4127 πράγματα
1433 4051 1587 4123 παρὰ
1605 4054 1704 4123 τὴν
1735 4051 1897 4107 αὐτοῦ

421 4175 439 4208 ι
494 4153 764 4209 ἀπουσίαν
821 4149 1076 4220 οὐδεμίαν
1127 4148 1389 4218 ὑπομένει
1421 4145 1648 4216 ζημίαν,
1689 4145 1785 4198 καὶ
1839 4143 1902 4197 τι

416 4269 434 4300 ι
494 4249 594 4318 τῆς
627 4243 947 4309 ἀλαζονείας
975 4242 1070 4295 καὶ
1098 4239 1194 4294 τοῦ
1229 4237 1402 4309 τύφου
1452 4236 1724 4292 ἐκκλίνειν
1751 4235 1894 4301 δόξει

311 4378 317 4387 ρ
416 4359 435 4393 ι
475 4338 749 4409 ἔγκλημα.
788 4336 1063 4395 Ἀπαντες
1091 4333 1140 4385 οἰ
1174 4330 1458 4384 ἐπίσκοποι
1496 4324 1648 4383 εἷπον
1672 4343 1686 4357 ’
1748 4326 1903 4398 Ἀρέα

421 4448 439 4482 ι
493 4444 611 4483 σκει
641 4427 737 4481 καὶ
766 4425 906 4496 αὓτη
942 4425 974 4494 ἠ
1009 4421 1364 4483 διατύπωσις.
1404 4437 1425 4472 ε

420 4520 619 4575 ΒΑΔΣ.
662 4519 722 4573 '0
749 4518 848 4589 μὲν
884 4521 956 4570 ια’
986 4513 1166 4569 κανὼν
1193 4511 1434 4567 διδάσκει
1476 4509 1606 4583 περὶ
1630 4508 1739 4563 τῶν
1766 4508 1904 4562 ἁπο-

346 4613 709 4685 δημησάντων
783 4610 1099 4664 ἐπισκόπων
1147 4604 1256 4660 άπδ
1293 4602 1500 4666 πόλεως
1535 4604 1614 4666 εἰς
1667 4599 1905 4672 πόλιν,ῆ

349 4707 456 4760 ἀπὸ
487 4702 754 4775 ἐπαρχίας
785 4702 867 4764 είς
894 4698 1161 4770 ἐπαρχίαν
1182 4712 1198 4728 ·
1221 4698 1250 4751 ό
1277 4696 1334 4750 δέ
1366 4694 1555 4767 παρὼν
1584 4694 1765 4749 κανὼν
1796 4693 1906 4746 διο-

357 4797 568 4870 ρίζεται
598 4796 725 4858 τοὺς
765 4794 1121 4855 ἐπισκόπους,
1166 4792 1293 4853 τοὺς
1343 4788 1568 4859 ἔχοντας
1617 4789 1908 4857 ἀκινήτους

356 4889 594 4959 μεγάλας
621 4888 843 4956 κτήσεις
877 4885 959 4948 είς
998 4883 1284 4952 ἀλλοτρίας
1313 4880 1548 4952 ἐνορίας,
1580 4880 1907 4950 ἁπαρεμπο-

352 4981 549 5043 δίστως
577 4980 658 5042 είς
680 4977 882 5040 ταύτας
918 4975 1257 5046 ἀπέρχεσθαι
1289 4973 1378 5028 διὰ
1424 4971 1523 5045 τὴν
1568 4969 1907 5041 συγκομιδὴν

351 5072 465 5125 τῶν
496 5070 744 5142 καρπῶν,
780 5069 873 5122 καὶ
896 5067 1039 5121 οὕτω
1088 5066 1454 5138 χειραγωγεῖν
1488 5064 1614 5129 τοὺς
1647 5062 1905 5133 πένητας.

305 5160 315 5169 ’
355 5166 523 5237 Πλὴν,
562 5165 718 5237 φησὶ,
752 5165 846 5217 ἐπὶ
882 5162 980 5233 μὲν
1008 5160 1156 5231 τρισὶ
1184 5160 1494 5230 Κυριακαῖς
1515 5156 1718 5226 ὀφείλει
1739 5156 1769 5208 ό
1795 5154 1910 5207 ἐπίο

356 5275 557 5321 σκοπος
584 5255 790 5324 διάγειν
817 5252 895 5315 είς
918 5253 985 5305 τά
1013 5252 1190 5306 οἰκεῖα
1215 5250 1490 5317 κτήματα,
1521 5248 1615 5300 καὶ
1639 5245 1777 5317 μετὰ
1802 5244 1912 5298 τῶν

362 5348 643 5419 ἐγχωρίων
668 5344 881 5399 πιστῶν
904 5341 1287 5413 ἐκκλησιάζειν
1316 5339 1410 5391 καῖ⁵
1455 5338 1909 5407 συλλειτουργεῖν,

260 5456 267 5459 ‘
364 5440 489 5511 ἢτοι
519 5436 874 5508 συνεύχεσθαι
916 5433 1056 5505 μετὰ
1086 5431 1181 5485 τοῦ
1216 5431 1397 5484 ἐκεῖσε
1426 5429 1577 5493 ὄντος
1601 5426 1912 5498 πρεσϐυτέ-

362 5551 480 5606 ρου,
509 5532 592 5587 ῖνα
625 5531 702 5602 μὴ
720 5531 848 5599 δοκῇ
877 5526 1046 5598 χωρὶς
1075 5520 1437 5609 συνελεύσεως
1454 5516 1912 5590 ἐκκλησιαπικῆς

360 5625 520 5692 εῖναι,
547 5623 642 5679 καὶ
672 5619 1039 5694 προσκρούειν
1075 5616 1212 5688 πρὸς
1243 5615 1337 5669 τὸν
1386 5607 1645 5683 ἀνωτέρω
1687 5607 1913 5680 είρημέ·

361 5734 453 5773 νον
482 5716 680 5772 κανόνα
709 5713 801 5768 τὸν
825 5710 1150 5782 άφορίζοντα
1171 5708 1298 5773 τοὺς
1325 5706 1419 5761 ἐπὶ
1445 5706 1592 5775 τρεῖς
1616 5702 1914 5774 ἑϐδομάδας

363 5806 463 5882 μὴ’
490 5809 764 5871 συνιόντας
814 5806 892 5869 είς
932 5800 1246 5874 ἐκκλησίαν,
1294 5797 1450 5855 Μετὰ
1492 5798 1550 5853 δὲ
1592 5795 1690 5861 τάς
1747 5795 1897 5865 τρεῖς

2579 2589 2811 2646 CANON
2877 2589 2994 2644 XII.

2001 2700 2021 2734 ι
2055 2678 2282 2750 Quidam
2318 2682 2515 2737 fratres
2541 2691 2593 2737 et
2649 2680 2951 2750 coepiscOpi
3007 2681 3059 2734 in
3109 2678 3445 2738 civitatibus.
3502 2677 3556 2729 in

2071 2791 2092 2826 ι
2133 2773 2324 2843 quibus
2376 2772 2611 2842 episcopi
2665 2773 3086 2836 constituuntur,
3120 2769 3369 2822 videntur
3405 2766 3560 2820 valde

2072 2881 2092 2915 ι
2129 2879 2341 2935 pauca.
2375 2846 2622 2935 quae'sibi
2672 2863 2782 2915 sint
2837 2862 3078 2929 propria,
3134 2858 3449 2929 possidere;
3503 2857 3556 2909 iu

2074 2974 2095 3009 ι
2124 2956 2243 3010 aliis
2283 2962 2462 3009 autem
2496 2954 2627 3008 locis
2654 2968 2875 3022 magnas
2900 2951 3291 3020 possessiones,
3322 2963 3387 3001 ex
3433 2945 3557 3015 qni-

2074 3068 2093 3103 ι
2134 3049 2234 3105 bus
2296 3048 2456 3103 etiam
2507 3053 2736 3115 possunt
2785 3059 2939 3111 opem
2999 3041 3139 3096 terre
3196 3039 3554 3109 pauperibus;

2076 3160 2095 3195 ι
2127 3142 2192 3196 iis
2232 3141 2302 3195 ita
2331 3153 2451 3194 esse
2473 3137 2875 3192 concedendum
2910 3134 3115 3204 judico,
3144 3140 3200 3184 nt
3223 3132 3264 3186 si
3321 3132 3373 3183 in
3432 3144 3556 3182 suas

2074 3255 2094 3289 ι
2130 3234 2500 3305 possessiones
2544 3229 2756 3285 vetituri
2789 3228 2918 3291 sint,
2952 3238 3003 3281 et
3028 3210 3234 3278 fructus
3268 3237 3397 3276 suos
3445 3219 3561 3273 col-

2073 3348 2091 3383 ι
2125 3326 2346 3389 lecturi,
2393 3326 2565 3379 tribus
2595 3322 2787 3377 diebus
2824 3318 3137 3382 Dominicis,
3174 3316 3225 3370 id
3257 3325 3362 3377 est,
3389 3314 3567 3366 tribus-

2073 3440 2093 3473 ε
2136 3402 2489 3491 septimanis,
2543 3415 2595 3470 in
2656 3413 2769 3469 suis
2830 3409 3261 3483 possessionibus
3326 3405 3565 3472 degant;

2074 3535 2093 3568 ι
2134 3524 2190 3569 et
2216 3514 2268 3566 in
2304 3510 2535 3566 ecclesia
2580 3506 2699 3577 qme
2742 3520 2908 3574 prope
2928 3512 3033 3567 est,
3056 3502 3107 3555 in
3144 3514 3247 3568 qua
3282 3498 3573 3568 presbyter
3684 3504 3685 3507 ‘

2075 3627 2094 3660 ι
2126 3605 2376 3674 p0pulum
2429 3608 2740 3670 congregat,
2772 3613 2839 3652 ne
2871 3613 2898 3649 a
2936 3595 3314 3651 communione
3345 3591 3559 3643 alienus

2082 3715 2100 3748 ε
2136 3694 2386 3749 videatur
2437 3684 2765 3761 (episcopus)
2797 3683 3104 3745 conveniat,
3134 3692 3187 3735 et
3235 3679 3574 3733 sacriﬁcium-

2073 3805 2092 3838 ι
2128 3784 2405 3846 celebret,
2433 3789 2571 3837 etne
2593 3778 2928 3848 frequentius
2967 3777 3017 3829 in
3051 3775 3295 3835 civitate,
3345 3772 3398 3825 in
3447 3785 3551 3835 qua

2073 3897 2093 3930 ι
2143 3886 2223 3931 est
2245 3874 2551 3943 episcopus,
2584 3871 2746 3926 adsit.
2780 3867 2857 3923 Eo
2879 3867 3020 3923 enim
3050 3866 3225 3925 modo,
3257 3872 3314 3916 et
3345 3877 3427 3914 res
3446 3859 3574 3925 ejus.

2075 3978 2337 4039 «propter
2365 3966 2531 4035 ipsius
2575 3963 2872 4018 absentiam
2923 3959 3054 4013 nihil
3119 3953 3421 4010 detrimenti
3471 3968 3573 4018 pa-

2075 4079 2096 4113 ι
2128 4060 2347 4123 tientur,
2372 4064 2426 4112 et
2475 4052 2791 4122 arrogantiae
2827 4065 2890 4105 ac
2912 4047 3177 4117 superbiae
3213 4044 3414 4097 crimen
3434 4040 3571 4093 etfu-

2075 4170 2095 4204 ι
2125 4164 2252 4221 gere
2293 4146 2583 4203 videbitur.
2614 4143 2813 4199 Omnes
2841 4140 3077 4211 episcopi
3107 4138 3360 4190 dixerunt
3403 4150 3417 4185 :
3442 4129 3564 4184 Pla-

2079 4262 2099 4297 ε
2123 4252 2209 4300 cet
2236 4243 2349 4298 haec
2375 4252 2588 4311 quoque
2617 4234 2949 4292 constitutio.
2979 4230 2999 4282 ι

2085 4503 2281 4562 BALS.
2345 4499 2670 4557 Undecimus
2711 4510 2884 4553 canon
2943 4493 3099 4571 docet
3147 4489 3216 4546 de
3263 4487 3570 4560 episcopis,

2007 4601 2155 4672 quia
2204 4596 2424 4654 civitate
2463 4594 2517 4648 in
2563 4591 2838 4659 civitatem
2868 4599 3092 4657 peregre
3117 4582 3574 4653 proﬁciscuntur,

2005 4693 2144 4749 vela
2172 4686 2447 4763 provincia
2475 4685 2531 4739 in
2563 4679 2938 4753 provinciam:
2977 4688 3214 4745 praesens
3262 4679 3441 4726 autem
3477 4684 3568 4723 ca-

2007 4802 2115 4842 non
2148 4782 2354 4844 statuit,
2380 4788 2440 4833 ut
2464 4773 2725 4846 episcopi,
2758 4772 2849 4840 qui
2881 4783 3104 4838 magnas
3135 4766 3336 4821 habent
3372 4764 3565 4817 immo-

2006 4876 2143 4934 biles
2171 4869 2537 4943 possessiones
2555 4866 2607 4919 in
2643 4862 2845 4917 alienis
2876 4859 3209 4930 regionibus,
3246 4856 3300 4908 in
3327 4870 3422 4909 cas
3454 4852 3579 4907 sine

2008 4967 2117 5023 ullo
2144 4962 2535 5033 impedimento
2585 4955 3001 5026 proﬁciscantur
3040 4950 3113 5005 ad
3149 4947 3361 5002 fructus
3415 4943 3568 4999 colli-

2008 5057 2229 5128 gendos,
2265 5061 2320 5108 et
2359 5050 2437 5105 sic
2479 5061 2741 5119 pauperes
2765 5051 3097 5099 sustentem.
3146 5041 3416 5093 Caeterum
3469 5034 3571 5087 tri-

2008 5151 2131 5215 bus,
2165 5145 2358 5215 inquit,
2386 5139 2682 5197 Dominicis
2716 5139 2875 5191 debet
2896 5140 3184 5204 episcopus
3205 5130 3257 5183 iu
3282 5129 3397 5183 suis
3439 5141 3572 5195 pos-

2011 5238 2346 5298 sessionibus
2378 5247 2557 5302 agere,
2596 5239 2650 5284 et
2695 5244 2817 5286 cum
2845 5226 2990 5280 illius
3041 5221 3276 5292 regionis
3317 5218 3573 5273 ﬁdelibus

2010 5333 2068 5388 in
2091 5328 2374 5386 ecclesiam
2402 5322 2715 5387 convenire,
2736 5329 2793 5375 et
2834 5333 2938 5373 una
2981 5315 3279 5377 celebrare,
3329 5325 3425 5365 seu
3461 5324 3567 5362 una

2011 5435 2171 5477 orare
2194 5433 2317 5473 cum
2365 5415 2678 5487 presbytero
2714 5411 2818 5479 qui
2878 5408 2986 5463 illic
3045 5414 3164 5470 est;
3226 5417 3293 5456 ne
3316 5401 3569 5455 videatur

2011 5524 2135 5569 esse
2163 5511 2235 5566 ab
2264 5507 2631 5565 ecclesiastica
2680 5501 3060 5558 coummnione
3109 5496 3343 5555 alienus,
3403 5502 3458 5546 et
3515 5491 3569 5543 in

2013 5618 2272 5661 canonem
2292 5614 2456 5670 supra
2503 5596 2739 5667 positum
2777 5589 3072 5653 offendere,
3104 5587 3194 5657 qni
3224 5586 3443 5656 quidem
3476 5596 3573 5636 eos

2013 5706 2277 5768 segregat,
2334 5694 2424 5764 qui
2454 5691 2630 5746 tribus
2670 5685 2966 5743 Dominicis
3014 5683 3071 5737 in
3117 5681 3404 5736 ecclesiam
3463 5691 3571 5731 non

2013 5788 2359 5854 conveniunt,
2389 5785 2653 5841 Caeterum
2678 5790 2795 5851 post
2815 5789 2929 5835 tres
2959 5775 3274 5833 Dominicos
3308 5787 3413 5828 non
3458 5769 3571 5827 frc-
