4052 6420
352 326 484 387 1l73

1438 322 1519 380 IN
1559 320 1721 381 CAN.
1763 318 1893 378 XIV
1933 317 2139 379 CONC.
2183 320 2469 380 SARDIC.

3442 323 3575 387 1474

347 439 716 502 συνελεύσεως
757 435 920 499 εἶναι,
957 438 1045 489 καὶ
1085 436 1402 508 προπκρούῃ
1455 435 1591 504 πρὸς
1648 436 1739 487 τδν
1770 433 1911 485 ἀνω-

2017 432 2291 500 apostolici
2339 431 2563 487 canonis
2586 432 2803 487 decreto
2834 432 3049 486 multari
3075 433 3254 489 debet.
3318 435 3386 491 Ut
3443 454 3575 498 vero

344 534 489 600 τέρω
514 534 804 601 εἰρημένον
862 531 1086 592 κανόνα,
1137 530 1228 581 τὸν
1272 528 1599 598 ἀφορίζοντα
1641 527 1765 588 τοὺς
1815 522 1909 577 ἐπὶ

322 626 493 693 -τρεῖς
523 623 827 691 ἑϐδομάδας
858 622 932 693 μὴ
988 622 1267 684 συνιόντας
1318 622 1399 682 εἰς
1456 618 1752 686 ἐκκλησίαν
1783 632 1797 647 ⁸
1830 615 1910 687 μὴ

353 715 556 781 μέντοι,
591 713 1155 783 φασὶ,·συνεχέστερον
1188 713 1265 775 εἰς
1287 715 1387 781 τὴν
1416 710 1569 765 πόλιν
1592 709 1692 779 τῆς
1724 707 1909 778 χώρας

350 806 569 875 ἐκείνης
605 805 981 875 παραγίνοιτο,
1016 806 1101 858 ἵνα
1156 803 1299 858 οὕτω
1337 806 1474 874 μήτε
1530 801 1736 871 ζημίαν
1786 800 1909 853 τινά

351 899 557 968 ὑποστῇ
588 900 649 952 ἐκ
681 898 775 951 τοῦ
814 900 887 966 μὴ
917 900 1196 967 ἐπιτηρεῖν
1246 897 1313 949 τά
1341 898 1533 958 οἰκεῖα,
1562 892 1657 947 καὶ
1713 892 1773 945 τὸ
1806 890 1909 958 τῆς

348 990 665 1053 ἀλαζονείας
702 990 925 1062 ἐκκλίνῃ
957 990 1208 1053 αἰτίαμα,
1249 987 1324 1058 μὴ
1352 987 1439 1040 διὰ
1483 986 1642 1050 δόξαν
1693 981 1911 1053 νομιζό-

350 1096 511 1148 μενος
540 1082 763 1134 ἀπιέναι
789 1084 866 1143 είς
910 1082 1104 1150 ἑτέραν
1132 1072 1287 1133 πόλιν
1316 1080 1348 1149 ἢ
1400 1077 1607 1147 χώραν,
1662 1075 1803 1129 ὥστε
1832 1073 1910 1126 δι-

346 1172 587 1235 δάσκειν,
613 1174 707 1227 καὶ
736 1172 1122 1241 καταισχύνειν
1145 1170 1236 1223 τὸν
1264 1173 1321 1222 ἐν
1367 1171 1552 1239 ἐκείνῃ
1587 1166 1904 1220 ἐπίσκοπον.

2017 525 2073 580 in
2107 525 2393 580 ecclesiam
2424 524 2729 587 conveniat,
2762 523 2947 594 ibique
2973 538 3094 578 cum
3153 517 3416 583 ﬁdelibus’
3448 546 3577 601 pre-

2012 617 2214 673 cationi
2236 622 2410 681 vacet,
2441 614 2664 676 idcirco,
2696 614 2967 685 inquiunt,
3025 617 3411 684 permittimus,
3444 636 3511 677 ne
3542 639 3574 678 a

2013 709 2392 765 communione
2420 707 2627 761 alienus
2647 722 2766 761 esse
2814 707 3084 771 videatur,
3106 724 3242 766 neve
3294 713 3358 767 in.
3399 729 3565 770 cano—

2014 818 2135 857 nem
2167 817 2326 872 supra
2353 805 2690 871 propositum
2719 800 2973 865 oﬂendat,
3035 818 3129 872 per
3172 820 3332 873 quem
3373 810 3444 872 el,
3482 812 3575 876 qui

2014 896 2189 948 tribus
2222 892 2572 947 hebdomadis
2597 893 2648 946 in
2671 892 2957 947 ecclesiam
2982 908 3085 947 non
3120 902 3452 967 convenerit,
3485 919 3575 959 se-

2015 984 2257 1054 gregatio
2298 985 2495 1038 indicta
2526 993 2646 1048 est,
2682 997 2785 1037 non
2814 993 2989 1038 tamen
3024 987 3079 1038 in
3106 989 3290 1044 urbem
3311 994 3430 1065 ejus
3487 1013 3574 1053 re.

2015 1076 2186 1145 giouis
2216 1075 2547 1145 frequentius
2586 1087 2882 1145 eommeet;
2916 1090 2973 1135 ut
3002 1082 3106 1138 hoc
3172 1096 3331 1155 pacto
3396 1103 3574 1159 neque

2014 1161 2303 1216 facultates
2364 1165 2633 1232 neglectas
2709 1164 3018 1222 detrimenti
3085 1171 3286 1241 aliquid
3343 1178 3575 1244 subeat,

348 1262 522 1333 neque
570 1262 889 1335 arrogantia:
922 1267 1395 1335 reprehensionem
1438 1264 1699 1324 incurrat,
1742 1257 1897 1327 quasi
1930 1256 2169 1325 groriola:
2192 1260 2517 1322 aucopanda:
2566 1257 2747 1311 studio
2782 1257 2833 1311 in
2863 1258 3087 1315 alienam
3138 1266 3321 1320 urbem
3374 1280 3467 1323 aut
3491 1285 3577 1324 re-

348 1358 582 1427 gionem,
614 1357 835 1411 docendi
865 1372 1050 1425 causa,
1108 1373 1171 1412 ac
1205 1357 1339 1424 ejus,
1383 1356 1475 1425 qui
1524 1353 1673 1407 inea
1750 1350 1917 1418 degit,

2020 1347 2182 1416 iscopi
2221 1348 2503 1417 sugillandi
2533 1349 2913 1417 sitjprofectus.

348 1452 568 1505 ΑΡΙΣΤ.
616 1470 635 1504 ι
687 1453 1017 1516 Ἐπίσκοπος
1071 1457 1293 1524 κτήσεις
1326 1449 1662 1520 κεκτημένος
1714 1447 1911 1517 ὑπερο-

423 1561 442 1595 ι
502 1544 672 1611 ρίους,
707 1546 757 1596 εἰ
792 1544 973 1614 μέλλει
1020 1545 1076 1596 ἐν
1105 1542 1334 1605 ταύταις
1394 1541 1551 1602 ίέναι,
1618 1538 1692 1607 μὴ
1746 1537 1909 1587 πλέον

427 1655 446 1689 ι
493 1637 675 1689 ἐκεῖσε
714 1639 921 1707 μενέτω
965 1634 1262 1707 Κυριακῶν
1314 1632 1480 1703 τριῶν
1514 1630 1915 1730 διαστήματος.
1941 1671 1984 1730 Β

433 1746 454 1781 ι
504 1730 659 1782 Οὕτω
683 1731 791 1799 γάρ
822 1730 855 1798 ὴ
878 1729 1053 1782 οἰκεία
1083 1728 1275 1781 τοῦτον
1302 1726 1501 1796 ποίμνη
1529 1720 1909 1789 καταπλουτή-

428 1839 445 1872 ι
492 1837 599 1885 σει,
634 1822 727 1873 καὶ
761 1821 924 1883 αὐτὸς
956 1821 1157 1886 ἄτυφος
1182 1818 1448 1887 διαμένοι.
1489 1834 1507 1866 ι

428 1914 543 1981 Κτή
555 1913 701 1983 ματά
726 1930 874 1990 τινες
900 1911 1011 1965 τῶν
1039 1911 1355 1964 ἐπισκόπων
1387 1909 1435 1960 εί
1462 1907 1634 1977 ἔχοιεν
1666 1905 1724 1957 ἐν
1754 1902 1910 1956 ἀλλο-

350 2004 534 2074 τρίαις
568 2005 899 2066 ἐπισκοπαῖς
942 2003 1193 2073 κείμενα,
1240 2003 1301 2053 οὐ
1331 1998 1627 2053 κωλύονται
1674 1994 1911 2065 ἀπέρχε-

354 2092 478 2145 σθαι
516 2094 597 2154 είς
632 2094 961 2161 ἐπιτήρησιν
988 2090 1216 2155 τούτων,
1252 2090 1347 2141 καὶ
1373 2087 1472 2158 τὴν
1502 2086 1768 2154 συλλογὴν
1800 2083 1911 2136 τῶν

350 2183 582 2251 καρπῶν
609 2183 898 2236 ποιεῖσθαι.
919 2182 1064 2251 Πλὴν
1086 2182 1179 2233 καὶ
1202 2174 1346 2235 οὗτοι
1379 2178 1538 2232 πλέον
1560 2177 1728 2249 τριῶν
1758 2175 1905 2229 ἐϐδο-

353 2276 538 2345 μάδων
565 2277 621 2327 ἐν
646 2274 952 2345 ἀλλοτρίαις
981 2274 1315 2344 ἐγχρονίζειν
1333 2272 1394 2324 οὐ
1422 2270 1872 2341 συγκεχώρηνται
1892 2282 1907 2297 ο

351 2364 439 2417 ἵνα
473 2366 610 2434 μήτε
659 2367 731 2417 τὰ
772 2365 870 2435 τῆς
918 2364 1213 2435 ἐκκλησίας
1256 2363 1436 2429 αὐτῶν
1479 2362 1779 2432 πράγματα
1825 2356 1913 2410 διὰ

352 2459 450 2526 τὴν
480 2456 745 2509 ἀπουσίαν
774 2457 951 2510 αὐτῶν
979 2456 1314 2520 ἀπόλωνται,
1350 2454 1490 2524 μήτε
1518 2452 1776 2522 ἔγκλημα
1819 2449 1915 2503 τύο

358 2564 457 2616 φου
490 2545 586 2601 καὶ
610 2545 929 2610 ἀλαζονείας
958 2548 1142 2610 αὐτοῖς
1174 2545 1550 2616 προσάψωσιν,
1573 2545 1666 2597 ἐπὶ
1706 2539 1914 2613 μακρό-

357 2655 515 2709 τερον
538 2642 597 2693 ἐν
627 2637 885 2709 ἀλλοτρίᾳ
923 2640 1073 2692 πόλει
1111 2638 1531 2708 ἐνδιατρίϐουσι.

937 2731 1178 2784 ΚΑΝΩΝ
1226 2728 1322 2784 lI'.

312 2804 319 2819 x
362 2842 382 2876 ι
425 2827 610 2888 Ὀσιος
638 2807 942 2887 ἐπίσκοπος
993 2821 1151 2877 εἶπεο
1192 2824 1317 2877 Ἐἀν
1351 2841 1432 2885 τις
1481 2821 1751 2883 διάκονος,
1796 2820 1917 2889 ἧτοι

433 2935 451 2967 ε
489 2916 936 2985 πρεσϐύτερος,ἢ
968 2916 1062 2968 καί
1087 2933 1172 2976 τις
1201 2915 1309 2968 τῶν
1364 2914 1646 2982 κληρικῶν
1682 2909 1917 2963 ἀκοινώ-

431 3025 449 3058 ‹
488 3023 649 3071 νητος
674 3007 930 3074 γένηται,
958 3009 1056 3057 καὶ
1094 3006 1231 3075 πρὸς
1272 3004 1465 3072 ἕτερον
1493 3003 1796 3053 ἐπίσκοπον
1825 3000 1916 3050 τὸν
1943 2998 2007 3085 αλ

429 3118 449 3152 ε
482 3099 661 3152 εἰδότα
701 3097 867 3150 αὑτὸν
897 3096 1213 3167 καταφύγῃ,
1266 3094 1604 3162 γινώσκοντα
1656 3091 1918 3143 ἀποκεκιο
1990 3126 1997 3131 ,

430 3211 448 3244 ι
488 3191 687 3260 νῆσθαι
752 3190 914 3242 αὐτὸν
970 3191 1070 3257 τῆς
1113 3187 1402 3249 κοινωνίας
1454 3184 1603 3255 παρὰ
1640 3178 1735 3236 τοῦ
1785 3180 1916 3235 ἰδίου

436 3303 454 3337 ι
489 3284 819 3346 ἐπισκόπου,
846 3280 920 3351 μὴ
945 3282 1149 3351 χρῆναι
1170 3280 1248 3350 τῷ
1276 3279 1559 3346 ἐπισκόπῳ
1586 3275 1679 3329 καὶ⁵
1705 3272 1920 3343 ἀδελφῷ

437 3394 455 3426 ι
493 3375 659 3429 αὐτοῦ
696 3374 851 3445 ὓϐριν
872 3373 1131 3426 ποιοῦντα
1156 3371 1418 3441 παρδχειν
1435 3368 1582 3436 αὐτῷ
1612 3363 1918 3444 κοινωνίαν.

429 3486 448 3519 ι
488 3468 549 3521 Ei
575 3467 633 3519 δέ
667 3467 931 3535 τολμήσοι
959 3465 1123 3517 τοῦτο
1172 3465 1417 3534 ποιῆσαι,
1446 3459 1766 3530 γινωσκέτω
1795 3472 1923 3511 συν-

427 3578 445 3611 ι
484 3559 751 3612 ελθόντων
776 3558 1091 3611 ἐπισκόπων
1120 3555 1384 3626 ἀπολογίᾳ
1406 3553 1597 3607 ἑαυτὸν
1616 3549 1921 3605 ὑπεύθυνον

430 3669 449 3702 ι
485 3646 824 3702 καθεστάναι.
868 3665 887 3699 ι

424 3742 621 3794 ΒΛΛΣ.
656 3738 957 3807 Ἀνάγνωθι
987 3737 1079 3790 τὸν
1124 3736 1212 3806 ιβ’,
1266 3735 1329 3788 ιδ’
1336 3774 1350 3796 ,
1385 3733 1464 3805 λβ’
1488 3735 1583 3788 καὶ
1607 3734 1689 3802 λγ¹
1720 3733 1921 3787 κανόνα

354 3834 466 3886 τῶν
490 3832 661 3899 ἁγίων
680 3830 1015 3892 ἀποστόλων,
1049 3827 1146 3880 καὶ
1184 3830 1281 3896 τῆς
1319 3828 1377 3879 ἐν
1431 3822 1736 3895 Ἀντιοχείᾳ
1764 3824 1921 3876 συνό-

353 3927 444 3979 δου
467 3923 668 3976 κανόνα
690 3920 765 3987 ς’,
791 3921 859 3974 τά
880 3920 1021 3973 αὑτά
1043 3919 1323 3989 λέγοντας.

426 4017 671 4071 ΖΩΝΑΡ.
728 4014 899 4067 Τοῦτο
973 4014 1067 4065 καὶ
1124 4010 1482 4066 ἀποστολικοὶ
1540 4010 1764 4072 κανόνες
1825 4007 1919 4061 καὶ

360 4110 627 4162 συνοδικο¹ι
657 4107 847 4159 πολλοὶ
878 4104 1219 4169 διετάξαντο.
1258 4103 1388 4159 Ὅτε
1433 4102 1544 4172 γὰρ
1572 4098 1654 4171 λβ⁹
1676 4100 1815 4153 καὶὸ
1840 4101 1919 4166 λγ¹

355 4203 465 4254 τῶν
506 4201 679 4268 ἁγίων
704 4197 1022 4252 ἀποστόλων
1052 4195 1252 4261 κανὼν,
1279 4197 1376 4249 καὶ
1398 4198 1426 4248 ὁ
1482 4200 1551 4263 ιγ’
1584 4191 1688 4264 τῆς
1705 4194 1763 4247 ἐν
1799 4191 1921 4245 Ἀν-

354 4277 578 4363 τ.οχεί;ι’
602 4291 819 4344 συνόδου
841 4292 910 4343 τά
929 4290 1069 4343 αὐτὰ
1089 4288 1498 4342 τεθεσπίκασιν.

2014 1441 2243 1497 ARIST.
2281 1459 2300 1494 ι
2339 1443 2634 1513 Episcopus
2666 1446 2756 1512 qui
2806 1451 3175 1515 possessiones
3210 1452 3367 1509 habet
3410 1466 3566 1510 extra

2094 1535 2374 1591 idimcesis
2416 1550 2525 1589 suae
2549 1535 2817 1601 limites,si
2845 1553 2938 1595 eas
2966 1541 3038 1595 sit
3062 1541 3433 1611 invisurus,ne
3458 1549 3579 1617 plus

2093 1645 2112 1678 ε
2144 1642 2307 1696 quam
2339 1627 2923 1685 trianominicarum
2978 1635 3155 1703 spatio
3214 1636 3285 1690 ibi
3338 1648 3576 1693 maneat.

2091 1739 2110 1772 ε
2149 1721 2239 1775 Sic
2265 1719 2408 1775 enim
2444 1719 2609 1790 ipsius
2632 1738 2760 1792 grex
2798 1739 2862 1779 eo
2887 1725 3114 1793 fruetur,
3147 1727 3369 1798 ipseque
3401 1728 3576 1789 iastul

2093 1826 2113 1860 ι
2143 1812 2446 1880 suspicione
2469 1813 2691 1867 carebit.
2730 1833 2748 1866 ι
3152 1828 3157 1833 '

2087 1900 2256 1971 Siqui
2283 1904 2661 1974 episcoporum
2715 1910 3085 1977 possessiones
3122 1912 3174 1966 in
3230 1912 3419 1968 alienis
3459 1916 3575 1984 epi-

2013 1994 2322 2061 sc0patibus
2349 1997 2550 2063 positas
2587 1999 2991 2066 habeant,illuc
3034 2003 3201 2069 adire,
3236 2016 3293 2057 ut
3333 2020 3426 2060 eus
3475 2008 3575 2061 ob-

2011 2092 2227 2137 servent
2255 2093 2309 2137 et
2348 2083 2556 2139 fructus
2586 2089 2860 2158 colligant,
2906 2106 3012 2145 non
3042 2093 3425 2162 prohibentur.
3462 2096 3571 2152 Sed

2013 2183 2069 2226 et
2098 2174 2151 2226 hi
2179 2175 2460 2246 plusquam
2495 2188 2604 2233 tres
2642 2180 3006 2238 hebdomades
3039 2183 3093 2238 ln
3115 2185 3311 2241 alienis
3360 2189 3576 2257 episco-

2014 2267 2229 2335 palibus
2279 2269 2556 2324 immorari
2617 2288 2722 2325 non
2775 2276 3181 2343 permittuntur.
3210 2276 3279 2332 Ut
3329 2294 3429 2334 nec
3462 2296 3572 2335 suae

2012 2359 2255 2414 ecclesia:
2280 2363 2493 2431 negetis
2523 2378 2619 2433 per
2669 2365 2969 2425 absentiam
3000 2365 3155 2437 501
3190 2385 3375 2424 eorum
3424 2375 3580 2426 dam-

2018 2466 2142 2504 num
2180 2454 2472 2521 patlantur,
2533 2469 2632 2509 nec
2673 2457 2943 2527 superbiae
2981 2469 3038 2513 et
3086 2464 3461 2517 ostentationis
3487 2480 3580 2519 ac-

2015 2544 2355 2598 cusationem
2390 2546 2492 2600 sibi
2515 2546 2755 2616 alligant,
2788 2562 2854 2602 eo
2882 2550 3024 2618 quod
3048 2550 3169 2620 plus
3215 2555 3473 2622 temporis
3519 2556 3572 2608 in

2016 2632 2192 2689 aliena
2222 2635 2437 2691 civitate
2459 2646 2797 2694 consumant.

2571 2730 2802 2787 cauca
2876 2733 3019 2788 xm.
3094 2718 3125 2751 ’“

2024 2837 2045 2871 ι
2087 2818 2245 2876 Osius
2276 2821 2562 2892 episcopus
2591 2824 2726 2877 dixit
2752 2844 2765 2879 :
2804 2826 2860 2881 Si
2887 2829 3008 2897 quiis
3038 2830 3310 2894 diaconus,
3343 2832 3426 2886 vel
3455 2845 3578 2900 pre-

2028 2938 2041 2947 τ
2094 2929 2114 2963 ι
2145 2913 2346 2982 sbyter,
2384 2914 2467 2966 vel
2497 2915 2724 2969 clericus
2759 2918 2833 2970 sit
2861 2922 3387 2991 eicommunipatus,
3424 2932 3477 2976 et
3511 2924 3576 2977 ad

2094 3022 2116 3057 ε
2145 3005 2310 3058 alium
2344 3008 2678 3076 episcopum,
2708 3009 2790 3061 cui
2822 3019 2979 3063 notus
3010 3012 3099 3077 sit,
3132 3012 3457 3082 confugerit,
3486 3015 3577 3082 qni

2096 3114 2116 3147 ε
2147 3097 2249 3151 scit
2279 3110 2403 3150 eum
2437 3113 2467 3150 a
2505 3101 2725 3167 proprio
2751 3099 3002 3169 episcopo
3051 3118 3172 3158 esse
3203 3106 3582 3159 communione

2094 3205 2113 3239 ι
2147 3199 2386 3253 metum;
2444 3205 2547 3243 non
2601 3200 2849 3258 oportere
2895 3194 3147 3263 episcopo
3183 3206 3236 3248 et
3286 3195 3438 3249 fratri
3484 3212 3583 3251 suo

2096 3298 2115 3331 ι
2146 3280 2401 3351 iniuriam
2435 3280 2633 3349 facere,
2673 3285 2805 3338 etei
2837 3288 3269 3342 communionem
3316 3290 3580 3357 praebere.

2097 3392 2115 3425 ε
2145 3372 2239 3428 Sin
2272 3385 2450 3429 autem
2489 3375 2589 3429 hoc
2634 3376 2813 3431 facere
2846 3393 3013 3434 ausus
3052 3378 3234 3443 fuerit,
3271 3382 3429 3447 sciat,
3454 3397 3576 3437 cum

2094 3485 2113 3518 ε
2144 3468 2496 3523 convenerint
2520 3469 2785 3539 episcopi,
2817 3471 3050 3539 scipsum
3083 3487 3302 3529 causam
3355 3487 3479 3584 esse‘
3503 3475 3589 3530 di-

2101 3576 2120 3611 ι
2148 3568 2381 3614 cturum.
2420 3578 2439 3611 ι

2091 3734 2282 3790 BALS.
2328 3736 2468 3805 Lege
2497 3754 2755 3794 canonem
2794 3740 2880 3805 12,
2919 3742 3007 3807 Η,
3061 3742 3132 3797 52
3161 3751 3217 3799 et
3245 3743 3315 3799 '55
3361 3754 3582 3800 sancto-

2020 3838 2137 3879 rum
2168 3828 2551 3895 apostolorum,
2583 3840 2637 3886 et
2665 3830 3011 3888 Antiochense
3032 3835 3220 3905 synodi
3241 3849 3501 3890 canonem
3526 3837 3579 3901 6,

2018 3919 2110 3988 qui
2142 3918 2328 3973 dicunt
2358 3922 2564 3975 eadem.

2090 4008 2346 4067 ZONAR.
2388 4012 2573 4069 Plures
2625 4015 2727 4070 hoc
2755 4015 2896 4071 idem
2955 4024 3068 4072 tum
3126 4020 3407 4089 apostolici
3450 4030 3573 4077 ‘tum

2021 4105 2267 4175 synodici
2298 4120 2528 4161 canones
2561 4107 2865 4163 decrevere.
2896 4106 3092 4163 Eadem
3144 4126 3376 4180 namque
3401 4125 3456 4167 et
3486 4116 3581 4168 trl-

2021 4193 2222 4248 cesimo
2252 4195 2488 4249 secundo
2516 4204 2570 4249 et
2597 4196 2881 4252 trecesimo
2914 4198 3077 4252 tertio
3107 4208 3411 4254 sanctorum
3448 4218 3581 4271 apo-
3646 4232 3649 4233 ν

2021 4286 2276 4357 Stolorttm
2308 4301 2537 4357 canone,
2561 4297 2615 4341 et
2646 4287 2992 4345 Antiocbeua
3017 4291 3201 4359 synodi
3229 4292 3440 4348 decimo
3469 4303 3581 4350 ter-
3626 4342 3629 4347 .

1946 4373 1995 4429 D
2026 4378 2099 4430 tio
2126 4385 2322 4430 statuta
2351 4380 2643 4447 reperias.-

354 4424 577 4526 APIE'l‘.
614 4489 632 4520 ι
678 4469 736 4520 Ὀ
783 4467 875 4519 τὸν
938 4460 1091 4535 παρά
1136 4464 1229 4518 τοῦ
1280 4464 1413 4518 ἰδίου
1451 4463 1750 4517 ἐπισκόπου
1779 4463 1913 4533 ἀφο-

2017 4424 2243 4524 ᾹιλΙΞΤ.
2292 4484 2319 4519 ε.
2352 4424 2509 4534 Quia
2538 4470 2758 4541 proprio
2775 4471 3029 4544 episcopo
3053 4478 3581 4533 excommunicatum

433 4584 450 4614 ι
494 4562 747 4633 ρισθέντα
788 4562 1076 4623 κοινωνίας
1136 4560 1274 4630 μετὰ
1331 4558 1537 4628 γνῶσιν
1589 4556 1756 4622 ἀξιῶν
1814 4556 1915 4610 οὐκ

430 4674 447 4706 ι
487 4653 799 4714 ἀνεύθυνος.
828 4669 848 4702 ι
1876 4700 1879 4703 η

435 4747 493 4799 Ὀ
529 4747 587 4797 ἐν
628 4744 833 4814 είδήσει
862 4742 1156 4814 δεξάμενος
1179 4741 1269 4795 τὸν
1299 4740 1449 4808 παρὰ
1480 4739 1576 4793 τοῦ
1607 4740 1739 4793 ίδίου
1795 4741 1915 4793 ἐπι-

353 4839 560 4891 σκόπου
600 4834 968 4909 ἀφορισθέντα
988 4833 1382 4904 πρεσϐύτερον,
1415 4833 1449 4902 ἦ
1483 4831 1913 4901 διάκονον,ἢκαί

351 4946 474 4981 τινα
496 4927 605 4980 τῶν
637 4924 1058 5005 κληρικῶνηκαὶ
1079 4925 1542 4995 συγκοινωνήσας,
1567 4924 1686 4992 ἦτοι
1710 4923 1916 4976 συλλει-

352 5038 447 5073 του
459 5021 667 5089 ργήσας
698 5018 872 5088 αὐτῷ,
894 5016 993 5069 οὐκ
1018 5015 1332 5083 ἀνεύθυνος,
1352 5015 1465 5069 ἀλλ’
1489 5015 1914 5087 ἀφορισθήσεται

356 5117 448 5167 καί
485 5114 668 5177 αὐτὸς,
705 5112 849 5163 κατά
891 5109 985 5163 τὸν
1027 5107 1330 5162 δωδέκατον
1361 5106 1559 5161 κανόνα
1592 5107 1701 5161 τῶν
1744 5106 1914 5176 ἀγίων

355 5204 697 5259 ἀποστόλων.

922 5293 1157 5348 ΚΔΝΩΝ
1185 5294 1283 5346 ῙΔ’.

364 5406 383 5440 ι
420 5387 490 5441 Εἰ
509 5405 593 5453 τις
625 5386 929 5449 ἐπίσκοπος
971 5384 1082 5458 (79)
1112 5383 1366 5456 ὀξύχολος
1414 5382 1744 5455 εὑρίσκοιτο,
1774 5386 1917 5467 ὅπερ

2089 4573 2109 4607 ι
2141 4557 2743 4621 communionesciens
2795 4563 3068 4632 dignatur,
3128 4579 3234 4619 non
3295 4576 3378 4622 est
3428 4568 3586 4625 inno-

2089 4667 2109 4702 ε
2137 4662 2277 4704 xlus.
2308 4667 2328 4701 ι

2086 4742 2186 4809 Qui
2220 4746 2616 4815 presbyterum,
2668 4746 2753 4802 vel
2802 4747 3090 4805 diaconum
3124 4751 3209 4806 vel
3240 4762 3296 4808 et
3343 4752 3579 4823 aliquem

2018 4834 2336 4891 clericorum
2392 4851 2423 4890 a
2475 4838 2693 4907 proprio
2748 4841 3006 4912 episcopo
3055 4847 3581 4900 excommunicatum

2020 4925 2199 4980 sciens
2224 4927 2518 4996 acceperit,
2552 4938 2606 4981 et
2660 4933 3165 4999 communicaverit,
3210 4921 3313 4989 'ant
3356 4951 3479 4991 cum
3516 4950 3584 4990 eo

2021 5032 2173 5074 sacra
2229 5020 2515 5088 peregerit,
2573 5020 2799 5076 crimine
2851 5039 2954 5077 non
3015 5035 3191 5094 vacat,
3249 5030 3341 5082 sed
3389 5038 3444 5082 et
3472 5031 3587 5098 ipse

2022 5112 2411 5181 segregabitur,
2487 5113 2783 5168 secundum
2852 5124 3163 5173 sanctorum
3213 5120 3584 5188 apostolorum

2021 5216 2281 5257 canonem
2312 5203 2402 5258 12.

2574 5296 2806 5356 CANON
2883 5300 3024 5357 XIV.

2013 5403 2033 5437 ι
2078 5384 2137 5440 Si
2167 5385 2476 5444 inveniatur
2503 5390 2624 5464 quis
2651 5395 2934 5464 episcopus
2960 5394 3029 5450 ad
3079 5395 3209 5451 iram
3267 5412 3583 5467 prepensus,

1520 5477 1723 5539 Guill.
1769 5481 2103 5559 Beveregii
2138 5488 2329 5544 noue.
2428 5522 2429 5525 η

424 5580 535 5653 (79)
576 5582 645 5653 Et
688 5597 778 5653 τις
821 5582 1175 5647 ἐπίσκοπος.
1216 5578 1353 5653 Huic
1396 5578 1559 5632 etiam
1613 5582 1808 5653 canoni
1863 5582 1917 5636 in

352 5650 540 5709 codice
561 5652 986 5706 Amerbacbiano
1004 5654 1145 5705 aliud
1169 5650 1378 5718 σχόλιον
1396 5662 1663 5702 annexum
1692 5652 1919 5707 habetur

359 5725 439 5782 sic
483 5738 542 5780 se
585 5720 814 5790 habens,
862 5718 1030 5786 Οὗτος
1061 5722 1089 5774 ὁ
1123 5718 1304 5776 κανὼν
1353 5718 1615 5783 ἐναντίοις
1658 5723 1769 5786 τοῖς
1815 5723 1921 5794 πρὸ

2025 5583 2189 5657 αύτοῦ
2217 5584 2333 5657 ἐστι
2365 5585 2460 5657 καὶ
2492 5586 2801 5657 συγχύσεων
2829 5593 2921 5642 καὶ
2949 5588 3256 5644 σκανδάλων
3283 5592 3451 5656 αἴτιος
3479 5610 3493 5624 ο
3524 5593 3586 5649 τὸ

2030 5653 2128 5738 μὶὲν
2177 5654 2283 5738 γάρ
2331 5655 2422 5738 τὸν
2474 5653 2939 5738 καταδικασθέντα
2985 5660 3088 5738 ύπδ
3138 5664 3232 5715 τοῦ
3287 5653 3584 5738 ἐπισκόπου

2027 5723 2285 5794 κληρικὸν
2334 5725 2426 5777 ἐπὶ
2470 5725 2577 5779 τὸνι
2605 5728 2780 5781 κοινὸν
2829 5730 3135 5803 ἐπιτρέχειν
3187 5735 3588 5804 μητροπολίτην
