4052 6406
362 315 498 380 ῙὶἹἸ

1400 314 1479 374 ΙΝ
1513 314 1676 373 CAN.
1722 314 1853 373 XIV
1891 309 2099 373 CONC.
2154 313 2446 377 SARDIC.

3433 316 3574 382 1473

366 426 641 485 ἐπελθέτω
678 428 706 480 ὀ
735 425 1062 495 ἀφορισθεὶς
1108 426 1190 487 είς
1240 424 1331 478 τὸν
1370 426 1751 495 πλησιόχωρον
1808 438 1897 491 μη·

2021 433 2335 491 sogrrgalns
2365 425 2432 478 ad
2460 425 2933 495 metmpolitanum
2965 429 3295 496 proximum,
3323 440 3378 483 ut
3412 448 3574 501 uego-

352 515 700 586 τροπολίτην,
780 515 865 581 ἐφ’
921 508 966 581 ᾧ
1046 515 1352 589 τηρηθῆναι
1414 516 1542 585 παρ’
1592 514 1803 567 ἐκείνου
1849 511 1911 564 τὸ

354 608 605 677 πρᾶγμα.
641 606 844 660 Τούτου
894 607 952 659 δὲ
982 606 1302 675 γενομένου,
1364 607 1500 677 μηδὲ
1545 610 1573 659 6
1642 604 1910 675 ἀφορίσας

352 699 647 761 ἐπίσκοπος
704 698 1113 766 ἀγανακτείτωκ,
1168 699 1301 753 ἀλλὰ
1385 700 1599 769 φερέτω
1646 697 1909 766 γενναίως

350 791 452 860 τὴν
466 791 747 858 ἐξέτασιν,
792 792 885 846 καὶ
924 793 1267 863 καρτερείτω
1294 793 1327 862 ἢ
1358 792 1451 855 τὸν
1477 789 1778 861 στηριγμδν
1812 789 1907 842 τοῦ

354 882 689 951 ἀφορισμοῦ,
722 882 755 950 ἢ
779 882 878 950 τὴν
909 882 1216 953 διόρθωσιν.
1262 884 1350 946 Ὠς
1374 882 1430 935 δέ
1455 898 1601 943 τινος
1642 880 1905 944 είπόντος,

355 974 612 1042 μεγάλως
641 977 705 1027 ὲκ
734 975 930 1028 τούτου
966 973 1281 1044 βοηθεῖσθαι
1304 973 1401 1027 τὸν
1436 972 1801 1042 ἀφορισθέντα
1826 972 1907 1031 είς

347 1067 409 1118 τὸ
437 1067 510 1135 μὴ
549 1068 934 1135 ἐμποδίζεσθαι
966 1067 1065 1139 τὴν
1090 1067 1376 1139 ἱερατικὴν
1416 1065 1583 1120 αὑτοῦ
1622 1060 1906 1137 ἐνέργειαν

351 1162 415 1211 ὲκ
444 1158 535 1211 τοῦ
574 1160 881 1230 ἀφορισμοῦ
925 1161 1014 1215 διὰ
1047 1162 1173 1225 τοὺς
1202 1159 1436 1221 κανόνας
1467 1159 1593 1219 τοὺς
1623 1157 1902 1224 λέγοντας.

348 1252 454 1320 πρὸ
494 1251 789 1319 καταδίκης
845 1252 1090 1315 ἐντελοῦς
1130 1252 1335 1321 μηδένα
1383 1248 1900 1323 τιμωρεῖσθαι,φη-

348 1344 430 1394 σὶν
461 1344 489 1393 6
538 1342 723 1397 ’κανών
757 1344 861 1410 ὅτι,
912 1342 1015 1396 κᾶν
1071 1344 1390 1405 κοινωνικὸς
1430 1345 1579 1395 ἐστιν
1637 1343 1666 1393 6
1713 1340 1906 1409 ἀφορι-

346 1434 494 1497 σθεὶς
521 1438 713 1493 καὶτὰ
740 1436 834 1489 τοῦ
868 1435 1179 1505 ἀφορισμοῦ
1232 1434 1336 1488 ὑπὸ
1391 1434 1637 1498 ἐξέτασιν
1684 1432 1902 1496 ἔπεσον,

344 1528 458 1580 ἀλλ’
486 1530 599 1581 οὑν
618 1528 821 1597 ὀφείλει
845 1527 1237 1596 αὑτεκδίκητος
1268 1526 1518 1595 γίνεσθαι
1565 1526 1657 1578 καὶ
1691 1525 1905 1594 ἱερουρ-

343 1623 461 1688 γεῖν
494 1620 597 1689 πρὸ
624 1619 721 1672 τοῦ
749 1619 1129 1688 δικαιωθῆναι.
1168 1618 1231 1671 '0
1256 1619 1367 1689 γὰρ
1398 1617 1647 1679 ἀθετῶν,
1700 1618 1889 1685 φησὶν,

346 1714 527 1784 ὑμεῖς,
563 1715 669 1783 ἐμὲ
691 1713 903 1769 ἀθετεῖ.
947 1713 1139 1767 Τοίνυν
1163 1713 1467 1783 ὀφείλουσιν
1494 1713 1543 1764 οἱ
1570 1711 1747 1764 λοιποὶ
1767 1709 1902 1778 κλη-

318 1781 510 1887 Ιρίκοὶ,
537 1781 818 1869 οίνίδόντες
839 1805 1028 1859 τοῦτον
1060 1781 1450 1876 ἱερουργοῦντα
1472 1802 1622 1874 μετὰ
1653 1802 1713 1855 τὸ
1764 1802 1895 1868 ἀφὸ-
1925 1781 1973 1842 Β

302 1970 305 1971 ν
344 1898 617 1969 ρισθῆναι,
651 1899 710 1965 ἐξ
752 1897 1054 1969 ὑπεροψίας
1095 1897 1215 1968 ᾕτοι
1243 1896 1587 1961 ἀλαζονείας
1635 1894 1897 1964 ἐπιστρέ-

340 2009 462 2059 φειν
501 1989 666 2043 αὑτὸν
717 1992 799 2054 είς
852 1990 1186 2044 ταπείνωσιν
1234 1990 1584 2059 πικροτέροις
1633 1988 1895 2058 ῥήμασιν,

336 2087 457 2154 ἤτοι
494 2084 893 2147 ὀνειδιστικοίς,
922 2084 984 2136 οὑ
1046 2083 1152 2154 μὴν
1198 2086 1295 2137 καὶ
1345 2081 1703 2152 ὑϐριστικοίς·
1755 2078 1898 2132 οὕτω

335 2174 446 2242 γὰρ
471 2172 684 2236 δόξουσι
703 2172 937 2241 ὑπήκοοι
961 2171 1054 2223 καὶ
1075 2171 1349 2241 ὑπηρέται
1378 2171 1487 2222 τῶν
1520 2166 1896 2222 ἐπισκοπικῶν

335 2265 658 2318 κελεύσεων.
700 2264 913 2335 Ὥσπερ
947 2264 1078 2333 γὰρ,
1142 2262 1297 2334 φησὶ,
1329 2262 1492 2333 χρέος
1546 2261 1660 2331 ἔχει
1694 2260 1722 2310 6
1772 2259 1896 2311 ἐπί-

334 2375 536 2420 σκοπος
582 2357 803 2428 ἀγαπᾷν
844 2357 971 2421 τοὺς
1020 2358 1316 2427 κληρικοὺς
1373 2353 1563 2420 αὐτοῦ,
1617 2351 1760 2406 οὕτω
1800 2352 1897 2405 καὶ

335 2453 486 2503 αὑτοὶ
514 2447 825 2518 ὀφείλουσιν
846 2449 1033 2502 ἄδολον
1084 2448 1185 2519 τὴν
1231 2448 1539 2517 ὑπηρεσίαν
1592 2444 1893 2514 ἀπονέμειν

333 2546 445 2603 τοῖς
472 2543 817 2604 ἐπισκόποις.
851 2541 944 2612 Μὴ
965 2542 1138 2603 εἴποις
1170 2540 1464 2604 δὲκπολλοίς
1484 2538 1712 2591 κανόσιν
1742 2538 1894 2588 ὲναν-

336 2636 584 2691 τιοῦσθαι
626 2636 719 2688 τὸν
744 2636 992 2706 παρόντα
1008 2637 1232 2702 κανόνα,
1260 2635 1633 2703 διοριζόμενον
1671 2628 1894 2700 ἀνατρέ-

333 2746 451 2798 χειν
482 2713 975 2797 τὺναφορισθέντα
996 2724 1131 2800 πρὸς
1158 2728 1250 2781 τὸν
1278 2728 1657 2799 πλησιόχωρον
1691 2739 1893 2793 μητρο-

330 2821 582 2890 πολίτην,
611 2822 771 2890 εἴπερ
810 2821 838 2873 6
866 2822 1216 2892 ὲπαρχιώτης
1251 2818 1659 2891 μητροπολίτης
1691 2816 1890 2884 ἀποδη-

330 2916 444 2980 μεῖ.
486 2914 569 2978 ἐφ’
620 2906 664 2979 ᾧ
704 2912 860 2981 παρὰ
910 2912 1101 2964 τούτου
1159 2910 1616 2978 κατεξετασθῆναι
1672 2907 1742 2959 τὰ
1793 2905 1891 2958 τοῦ

326 3002 659 3072 ἀφορισμοῦ.
699 3002 1002 3072 Θεμὰτισον
1026 3004 1136 3071 γὰρ
1240 3003 1564 3070 ἐνταλθῆναι
1606 2999 1700 3052 τὸν
1749 2998 1891 3063 πλη-

2014 513 2145 566 tium
2176 516 2245 568 ab
2277 528 2342 566 eo
2368 515 2729 570 examinetur.
2758 515 2869 571 Hoc
2895 526 3070 571 autem
3102 517 3250 573 facro
3275 521 3364 589 qui
3397 534 3577 592 seg-e-

2012 608 2157 677 gavit
2184 609 2466 679 episcopus
2498 625 2605 666 non
2652 621 2997 680 succenseat,
3047 614 3141 668 sed
3188 628 3344 684 aequo
3393 615 3575 670 anituo

2010 700 2149 755 ferat
2176 702 2650 768 examinationem,
2701 713 2750 758 et
2786 705 3177 775 segregationis
3207 707 3576 760 conﬁrmatio-

2009 807 2153 859 nem,
2204 793 2284 847 vel
2322 790 2443 864 ejus
2477 795 2862 849 correctionem
2893 792 3024 850 forti
3056 799 3238 851 animo
3287 797 3568 852 sustineat.

2009 882 2284 953 Tanquam
2331 896 2510 939 autem
2543 885 2767 941 dixisset
2817 886 3031 954 aliquis,
3083 904 3330 958 maguum
3385 906 3448 943 ex
3505 906 3571 943 eo

2006 976 2106 1040 illi,
2140 980 2228 1046 qui
2266 991 2581 1047 segregatus
2613 986 2718 1045 est,
2751 980 3007 1033 auxilium
3060 981 3263 1045 alierri,
3301 983 3443 1051 quod
3474 998 3568 1037 sa-

2006 1068 2296 1122 cerdotalis
2329 1068 2531 1124 functio
2562 1086 2665 1124 non
2722 1071 3045 1140 impediatur
3093 1086 3123 1125 a
3170 1074 3565 1142 segregatione,

2008 1171 2223 1228 propter
2251 1175 2484 1217 canones
2529 1164 2618 1231 qui
2665 1162 2872 1227 dicunt,
2926 1172 3047 1217 ante
3091 1164 3384 1232 perlectam
3435 1180 3567 1218 con-

2006 1254 2402 1308 demnationem
2434 1257 2702 1310 neminem
2733 1258 2909 1325 puniri
2944 1256 3142 1311 debere
3169 1274 3185 1324 ;
3215 1259 3343 1311 dicit
3371 1274 3565 1325 canon,

2004 1348 2151 1414 quod
2174 1346 2381 1400 etiamsi
2415 1348 2487 1401 sit
2541 1348 2973 1403 contmunicandi
3009 1358 3279 1418 potestate
3308 1349 3568 1419 praeditus

2004 1437 2092 1504 qui
2122 1446 2203 1490 est
2229 1439 2744 1504 excommunicatus,
2777 1447 2831 1493 et
2859 1440 2974 1508 ejus
2999 1440 3300 1509 segregatio
3337 1440 3401 1493 ad
3432 1455 3564 1494 exa-

2006 1526 2353 1581 Ininationem
2385 1529 2612 1594 recidit;
2646 1545 2748 1582 non
2782 1539 2959 1584 tamen
2993 1531 3095 1584 sibi
3132 1533 3287 1584 debet
3317 1545 3438 1584 eam
3466 1544 3566 1585 Sim

2000 1617 2406 1686 juretribuere,
2455 1632 2509 1675 et
2556 1622 2887 1687 sacriﬁcare,
2940 1631 3231 1692 antequam
3272 1622 3364 1691 jus
3409 1640 3563 1680 suum

2005 1715 2330 1780 probaverit.
2361 1714 2465 1779 Qui
2486 1716 2623 1769 enim
2660 1733 2746 1770 vos
2779 1718 2999 1786 spernit,
3034 1717 3214 1786 inquit
3237 1758 3251 1783 ,
3298 1734 3379 1771 me
3420 1734 3569 1788 sper-

2001 1802 2075 1854 nit
2103 1802 2166 1855 ²¹.
2212 1803 2415 1858 Debent
2458 1820 2587 1874 ergo
2621 1806 2824 1875 clerici,
2856 1808 2947 1877 qui
2984 1822 3105 1861 eum
3143 1808 3322 1861 vident
3353 1809 3565 1862 sacriﬁ-

1998 1906 2207 1950 cantem
2254 1906 2534 1967 postquam
2582 1909 2894 1968 segregatus
2941 1897 3124 1961 fuerit,
3184 1914 3248 1952 ex
3307 1899 3563 1966 superbia

1998 1988 2082 2043 vel
2137 1990 2466 2057 arrogantia,
2535 2002 2656 2043 eum
2712 1991 2779 2043 ad
2833 1990 3192 2045 humilitatem
3249 2002 3568 2044 convertere

1998 2079 2176 2133 verbis
2207 2080 2576 2136 acerbioribus
2603 2093 2696 2135 seu
2726 2082 3173 2151 exprobratoriis,
3225 2096 3332 2135 non
3381 2089 3562 2135 tamen

1995 2171 2156 2224 etiam
2212 2171 2665 2226 contumeliosis:
2720 2171 2800 2225 sic
2868 2173 3010 2226 enim
3079 2172 3400 2226 videbuntur
3445 2186 3566 2226 esse
3632 2210 3635 2211 ν

1997 2262 2224 2333 subjecti
2255 2273 2309 2316 et
2339 2263 2572 2317 ministri
2617 2264 3001 2333 episcopaiium
3031 2267 3358 2334 jussiouum.
3413 2266 3569 2321 Sicut

1996 2355 2160 2420 enim,
2191 2355 2383 2422 inquit,
2423 2354 2581 2410 debet
2604 2356 2890 2427 episcopus
2917 2372 3044 2412 suos
3076 2357 3306 2413 clericos
3342 2372 3525 2412 amare
3545 2398 3562 2423 ,

1995 2449 2074 2502 sic
2102 2458 2156 2503 et
2201 2448 2301 2518 ipsi
2326 2449 2535 2515 debent
2580 2450 2712 2503 citra
2748 2448 2992 2506 fraudem
3020 2451 3288 2522 episcopis
3317 2452 3565 2506 ministe-

1995 2540 2133 2595 rium
2178 2541 2454 2615 exitipere.
2508 2540 2586 2597 Ne
2633 2542 2839 2597 dixeris
2892 2553 3069 2597 autem
3106 2545 3249 2598 hunc
3301 2538 3564 2598 canonem

1996 2648 2123 2688 esse
2143 2633 2321 2689 multis
2355 2634 2654 2689 candnibus
2684 2636 3039 2700 contrarium,
3065 2642 3388 2691 statuentem
3414 2651 3565 2698 eum,

1995 2725 2085 2795 qui
2118 2734 2200 2779 est
2226 2727 2746 2793 excomntuuicatus,
2779 2726 2978 2782 debere
3010 2730 3076 2781 ad
3096 2723 3296 2782 "vicinae
3325 2727 3565 2797 regionis

1997 2817 2466 2885 ntetmpoiitanum
2488 2858 2491 2861 -
2513 2834 2817 2884 recurrere,
2862 2821 2905 2873 si
2940 2819 3082 2873 absit
3114 2820 3562 2891 metropolitano:

1994 2911 2304 2981 provinciae,
2338 2920 2394 2963 ut
2436 2911 2503 2964 ab
2531 2926 2596 2965 eo
2625 2912 2969 2966 examinetur
3013 2911 3339 2979 segregatio.
3394 2908 3562 2979 Finge

1991 3005 2136 3056 enim
2167 3002 2250 3055 vel
2283 3002 2525 3055 ﬁnitimas
2554 3003 2793 3070 regionis
2840 3002 3067 3055 antistiti
3101 3002 3169 3055 ab
3201 3001 3422 3055 absente
3453 3018 3565 3056 me-

332 3098 600 3164 σιόχωρον
635 3095 901 3165 ἀρχιερέα
935 3098 1089 3164 παρὰ
1139 3094 1233 3145 τοῦ
1281 3093 1739 3162 ἀποδημήσαντος
1790 3108 1892 3160 μη-

1998 3092 2324 3164 tropoiitano
2354 3092 2521 3147 fuisse
2560 3094 2894 3155 mandatum,
2925 3104 2982 3145 ut
3013 3108 3204 3146 causas
3255 3093 3558 3149 istiusmodi

326 3190 647 3260 τροπολίτου
710 3186 971 3240 τοιούτων
1031 3184 1338 3257 ἀκροᾶσθαι
1415 3183 1888 3254 ὲκκλησιαστικῶν

328 3281 643 3333 ὑποθέσεων
675 3279 1001 3349 ἀνηκουσῶν
1031 3281 1097 3346 τῇ
1128 3278 1338 3329 ἐκείνου
1367 3277 1573 3348 ἐνορίᾳ,
1600 3276 1632 3346 ἢ
1671 3275 1888 3347 αἱρετὸν

328 3372 671 3440 καταστῆναι
692 3371 881 3424 τοῦτον
906 3371 1167 3440 δικαστὴν
1203 3370 1353 3439 παρά
1382 3387 1439 3422 τε
1470 3368 1560 3423 τοῦ
1587 3369 1887 3421 ἐπισκόπου

329 3464 426 3516 καὶ
452 3463 546 3515 τοῦ
577 3462 865 3535 κληρικοῦ.
891 3462 1101 3523 Ἀλλως
1131 3464 1240 3532 γὰρ
1272 3463 1331 3514 οὑ
1365 3461 1590 3514 δύναται
1616 3464 1643 3512 6
1668 3460 1892 3529 πλησιό-

327 3574 504 3628 χωρος
538 3557 952 3627 ,μητροπολίτης
1005 3554 1248 3616 δικάζειν
1288 3553 1584 3606 ἐπίσκοπον
1616 3551 1648 3621 ἢ
1698 3552 1889 3622 κληρι-

328 3652 425 3701 κὸν
454 3650 648 3717 ἑτέρας
673 3650 964 3717 ἐπαρχίας,
1001 3645 1185 3707 καθὼς
1210 3646 1303 3697 καὶ
1329 3647 1388 3696 ἐν
1416 3648 1529 3708 τοῖς
1560 3644 1890 3713 προλαϐοῦσι
1922 3670 1923 3673 η

324 3738 551 3788 κανόσιν
587 3735 911 3803 εἰρήκαμεν.
943 3734 1084 3802 Πρὸς
1118 3733 1174 3785 δὲ
1211 3736 1306 3785 τὴν
1365 3733 1499 3795 {cum
1535 3735 1897 3809 ἐρωτήσαντὰ

331 3842 414 3892 σε,
444 3825 567 3887 Πῶς
601 3825 660 3877 οὑ
680 3825 917 3894 τιμωρεῖ
943 3827 970 3876 6
998 3822 1180 3875 κανὼν
1206 3823 1300 3876 τὸν
1330 3825 1405 3893 μὴ
1442 3825 1779 3894 ἐμμείναντα
1813 3822 1890 3895 τῷ

328 3916 640 3987 ἁφορισμῷ,
677 3916 812 3968 ἀλλὰ
834 3916 1327 3985 καταφρονήσαντα
1350 3914 1542 3967 τούτου
1576 3916 1668 3967 καὶ
1687 3917 1893 3984 ἱερουρ-

327 4010 616 4081 γήσαντα;
662 4007 784 4061 εἰπὲ
834 4007 915 4060 ὃτι
945 4010 972 4059 6
996 4004 1042 4060 κ’
1086 4007 1262 4060 κανὼν
1311 4008 1406 4078 τῆς
1444 4006 1725 4077 παρούσης
1760 4024 1888 4060 aw-

326 4103 449 4155 ὁδου
480 4102 683 4170 γενικῷ
717 4099 963 4170 τῷλόγῳ
997 4099 1376 4168 καθαιρεῖσθαι
1422 4099 1717 4168 διορίζεται
1766 4100 1892 4164 τοὺς

330 4195 779 4266 παραϐαίνοντας
807 4196 873 4246 τὰ
912 4196 970 4246 ὲν
1002 4194 1179 4265 ταύτῃ
1224 4193 1587 4263 διορισθέντα.
1623 4193 1733 4246 Καὶ
1764 4193 1888 4246 ὀκθ¹

329 4287 510 4340 κανὼν
548 4286 647 4355 τῆς
670 4278 742 4337 ὲν
770 4284 1098 4355 Καρθαγένῃ
1134 4285 1356 4337 συνόδου
1383 4286 1447 4338 ὲκ
1493 4286 1660 4355 μόνης
1690 4285 1891 4356 ταύτης

327 4378 428 4447 τῆς
453 4378 635 4440 αἰτίας
683 4379 775 4429 τὸν
821 4374 1065 4430 τοιοῦτον
1100 4375 1474 4442 καταδικάζει,
1521 4376 1709 4447 ὥσπερ
1748 4379 1813 4430 ἂν
1842 4377 1890 4428 εί

1993 3187 2389 3242 ecclesiasticas
2424 3184 2491 3237 ad
2528 3180 2679 3240 suam
2731 3184 3061 3253 provinciam
3096 3187 3430 3254 pertinentes
3464 3200 3562 3237 an-
3664 3170 3667 3177 ’

1990 3280 2122 3345 diat,
2160 3280 2239 3334 vel
2283 3294 2404 3332 eum
2444 3277 2611 3332 fuisse
2641 3277 2865 3331 electum
2916 3277 3155 3345 judiccm
3212 3277 3280 3331 ab
3311 3278 3565 3347 episcopo

1989 3382 2041 3428 et
2070 3372 2287 3427 clerico.
2323 3371 2505 3438 Neque
2541 3369 2681 3423 enim
2710 3370 2864 3422 aliter
2896 3378 3071 3438 potest
3105 3370 3294 3423 vicinae
3323 3370 3559 3437 regionis

1989 3464 2430 3531 metropolitano:
2452 3462 2696 3532 judicare
2719 3461 3025 3531 episcopum
3048 3460 3126 3514 vel
3151 3461 3404 3515 clericum
3427 3462 3564 3515 alius

1988 3557 2299 3625 provinciae,
2338 3554 2788 3624 quemadmodum
2838 3554 2891 3607 in
2930 3551 3364 3621 pracedeutibus
3393 3567 3562 3605 cano-

1989 3646 2147 3700 nibus
2176 3646 2429 3697 diximus.
2463 3643 2522 3696 Ei
2560 3655 2739 3696 autem
2772 3644 2863 3712 qui
2898 3653 2950 3697 te
2978 3642 3118 3697 forte
3171 3644 3558 3712 interrogavit:

1991 3722 2267 3799 Qubmodo
2291 3747 2398 3811 non
2428 3733 2582 3800 punit
2611 3746 2783 3786 canon
2812 3747 2955 3795 eum,
2986 3734 3074 3800 qui
3108 3747 3160 3785 tn
3192 3735 3562 3802 segregatione

1991 3839 2097 3877 non
2127 3824 2412 3894 acquievit,
2444 3824 2536 3877 sed
2569 3838 2690 3878 eam
2726 3824 2978 3893 neglexit,
3014 3832 3069 3877 et
3112 3838 3265 3877 sacra
3297 3823 3557 3889 ,celebra-

1990 3916 2071 3968 vit
2098 3916 2206 3981 die,
2258 3916 2397 3984 quod
2426 3930 2600 3969 canon
2647 3914 2716 3968 20
2747 3917 3024 3985 praesentis
3076 3915 3265 3986 synodi
3323 3916 3558 3985 generali

1992 4021 2243 4064 sermone
2295 4021 2391 4061 eos
2441 4007 2791 4077 deponendos
2840 4007 3085 4061 decernit
3132 4007 3246 4075 qui,
3310 4021 3437 4075 qua:
3474 4006 3560 4061 hic

1991 4081 2209 4154 decreta
2237 4106 2364 4153 sunt
2396 4100 2888 4168 transgrediuntur.
2916 4093 2985 4153 Et
3014 4114 3188 4154 canon
3218 4100 3288 4154 29
3319 4099 3556 4153 Cartha-

1991 4191 2228 4260 ginensis
2257 4192 2445 4261 synodi
2475 4206 2539 4245 ex
2590 4192 2692 4246 hac
2724 4192 2837 4247 sola
2870 4207 3032 4246 causa
3062 4208 3183 4245 eum
3212 4196 3556 4257 condemnat,

1991 4283 2214 4355 perinde
2245 4298 2310 4337 ac
2336 4283 2383 4337 si
2407 4284 2552 4353 juste
2581 4284 2772 4339 fuisset
2820 4285 3119 4353 depositus.
3159 4283 3293 4337 Nata
3328 4298 3459 4351 ergo
3487 4299 3555 4337 ex

1990 4375 2239 4447 praesenti
2266 4389 2493 4438 canone,
2524 4378 2665 4444 quod
2722 4376 2869 4431 nulla
2919 4379 2977 4430 tit
3031 4377 3285 4447 episcopo
3338 4377 3559 4446 injuria,

329 4473 567 4539 εὐλόγως
599 4469 908 4539 ἀφωρίσθη.
956 4465 1400 4538 Σημείωσαιόὖν
1440 4469 1549 4522 ἀπὸ
1573 4469 1667 4521 τοῦ
1688 4470 1888 4538 παρόν-

1997 4470 2036 4521 si
2066 4468 2136 4529 is,
2166 4464 2256 4532 qui
2288 4475 2371 4517 est
2403 4474 2737 4534 segregatus,
2769 4474 2977 4534 quaerat
3004 4467 3398 4536 segregationis
3430 4482 3559 4521 can.

327 4583 418 4628 τος
443 4563 667 4624 κανόνος
688 4563 769 4614 ὃτι
815 4562 917 4613 οὑκ
945 4560 1093 4612 ἐστιν
1146 4561 1459 4628 ὑϐριστικὸν
1503 4558 1582 4630 τῷ
1608 4563 1889 4631 ὲπισκόπῳ

329 4658 390 4708 τὸ
414 4656 506 4707 τὸν
535 4652 897 4722 ἀφορισθέντα
931 4650 1116 4721 ζητεῖν
1176 4647 1637 4718 κατεξετασθῆναι
1668 4650 1766 4722 τὴν
1804 4655 1892 4705 αὶ-

330 4749 450 4803 τὶαν
473 4747 567 4799 τοὺ
597 4742 929 4814 ἁφορισμοῦο
963 4744 1054 4797 καὶ
1073 4744 1176 4806 ὅτι,
1209 4743 1313 4796 κᾶν
1357 4742 1505 4804 ὅπως
1530 4741 1596 4795 ἂν
1617 4742 1886 4815 ἁφορισθῇ

211 4900 221 4905 _
328 4843 359 4892 6
403 4839 685 4909 κληρικὸς,
732 4834 939 4905 ὀφείλει
991 4834 1244 4904 δέχεσθαι
1286 4836 1378 4888 τὸν
1437 4835 1748 4905 ἀφορισμὸν
1795 4840 1889 4888 καὶ

331 4931 622 4999 ἀναμένειν
654 4929 754 4997 τὴν
796 4928 1062 4992 ἐξέτασιν.
1108 4926 1386 4996 Θαυμάζω
1434 4926 1490 4978 δὲ
1540 4927 1655 4990 πῶς
1706 4927 1768 4980 οὑ
1812 4927 1890 4980 δι-

331 5022 602 5094 ωρίσαντο
664 5020 714 5072 οἱ
766 5019 1005 5086 Πατέρες
1058 5018 1113 5071 τί
1175 5019 1384 5088 ὑφείλει
1420 5020 1687 5087 γίνεσθαι,
1720 5019 1816 5072 ἐὰν
1860 5021 1888 5072 6

332 5117 564 5175 πάππας
590 5113 748 5181 λόγου
766 5116 930 5183 ,χάριν
958 5112 1196 5183 ἁφορίσῃ
1227 5112 1490 5183 κληρικὸν
1529 5112 1697 5167 αὑτοῦ
1726 5113 1889 5166 ἀνευ-

328 5209 528 5275 λὸγως,
565 5210 656 5261 καὶ
684 5208 929 5261 αἰτιᾶται
962 5207 1059 5276 μὲν
1081 5206 1171 5259 τὸν
1202 5207 1508 5276 ἀφορισμὸν
1535 5208 1564 5259 6
1590 5205 1849 5274 κληρικός
1874 5220 1890 5234 ο

327 5301 389 5352 οὑ
410 5301 634 5353 δύναται
664 5299 720 5351 δὲ
776 5301 912 5369 πρὸς
972 5298 1196 5366 μείζονα
1241 5297 1458 5350 σύνοδον
1500 5296 1753 5350 ἀπελθεῖν
1799 5295 1891 5348 καὶ

328 5389 611 5459 προθεῖναι
642 5393 736 5462 τὴν
768 5391 1028 5445 αἰτίασιν.
1065 5391 1146 5443 Τὰ
1208 5390 1390 5461 μέντοι
1437 5388 1679 5444 ἐνταῦθα
1720 5390 1888 5458 διορι-

1993 4575 2110 4616 sam
2158 4559 2496 4614 examinari:
2548 4567 2602 4613 et
2645 4558 2787 4628 quod
2858 4559 3349 4629 quomodocunque
3396 4562 3562 4617 fuerit

1994 4661 2306 4722 segregatus
2325 4651 2572 4715 clericus,
2599 4652 2758 4706 debet
2785 4651 3219 4721 segregationem
3251 4652 3560 4718 admittere,

1995 4752 2050 4795 et
2098 4752 2416 4811 exspectare
2464 4740 2943 4795 examinationem.
3001 4739 3165 4795 Miror
3195 4750 3563 4810 autem,qno-
3642 4748 3647 4759 '

1995 4834 2154 4886 modo
2178 4847 2284 4886 non
2315 4832 2575 4885 deﬁniunt
2624 4830 2834 4893 Patres,
2867 4829 2994 4898 quid
3022 4833 3092 4885 sit
3140 4830 3472 4897 faciendum,
3505 4834 3553 4886 si

1994 4938 2152 4992 papa,
2192 4923 2335 4977 verbi
2372 4925 2564 4992 gratia,
2597 4922 2851 4977 clericum
2885 4938 3043 4976 suum
3075 4923 3275 4992 injuste
3304 4939 3560 4993 segrega-

1995 5015 2153 5079 verit,
2183 4994 2237 5067 οἱ
2290 5015 2715 5089 segregationan
2764 5016 2980 5084 quidem
3037 5019 3246 5071 incuset
3287 5019 3559 5081 clericus;

1996 5120 2102 5159 non
2131 5115 2309 5172 potest
2335 5112 2516 5159 autem
2544 5106 2611 5159 ad
2644 5105 2901 5175 majorem
2949 5108 3213 5177 synodum
3263 5107 3559 5176 proficisci,

1997 5204 2051 5251 et
2084 5195 2481 5251 accusationem
2512 5211 2833 5266 proponere.
2870 5200 3000 5266 Quas
3032 5210 3210 5253 autem
3238 5203 3305 5255 de
3336 5203 3561 5273 presby-

2001 5286 2217 5349 teriset
2248 5287 2488 5343 diaconis
2516 5288 2603 5342 hic
2630 5298 2757 5342 sunt
2780 5289 3022 5355 deiiuita,
3056 5293 3121 5346 de
3155 5292 3371 5362 reliquis
3393 5291 3558 5349 etiam

1992 5376 2225 5442 clericis,
2252 5376 2381 5445 quin
2412 5386 2467 5431 et
2495 5376 2672 5444 iaicis,
2700 5381 3014 5450 accipienda
3048 5394 3202 5435 sunt.

329 5484 525 5538 σθέντα
550 5484 711 5555 χάριν
731 5484 1117 5559 πρεσϐυτέρων
1141 5486 1236 5541 καὶ
1271 5484 1538 5541 διακόνων
1578 5486 1790 5558 ἐκληπτ
1810 5489 1898 5544 ἐον
1930 5492 2024 5546 καὶ
2058 5495 2141 5559 τίς
2187 5496 2314 5561 τοὺς
2385 5497 2607 5563 λοιποὺς
2661 5498 2981 5571 κληρικοὺς,
3058 5498 3195 5556 ἀλλὰ
3279 5499 3382 5572 μὲν
3465 5505 3564 5563 καὶ

328 5578 568 5641 λαϊκοὺς.

436 5763 479 5799 ³⁸
513 5760 643 5820 Luc.
667 5778 725 5825 ι.
748 5740 840 5822 iii.
