2026 3196
290 141 360 175 14⁸19

920 137 1056 169 THEOD.
1079 133 1281 166 BALSAMON

1830 132 1884 165 ιιιο

327 198 454 228 ZONAR.
473 198 502 226 Si
526 198 587 233 quis
612 198 765 233 cpiscopus,
781 195 907 232 inquiunt
922 195 1027 228 Patres,
1044 194 1080 222 sit

1161 192 1284 221 ΖΩΝΔΡ.
1304 191 1369 219 Ἐὰν
1388 190 1551 223 ἐπίσκοπος,
1569 189 1652 225 φασὶν
1668 189 1884 224 οίῐιιτὲρες,ὸξύ-

288 249 323 273 ad
338 245 504 273 iracundiam
519 244 675 278 proclivior,
693 243 837 279 (quamvis
853 241 921 270 tales
936 242 1078 277 episcopos

290 299 353 320 csse
367 291 572 325 haudquaquam
586 290 712 325 deceat),
732 289 810 324 isque
825 289 967 317 diaconum
982 295 1080 323 quem-

291 339 377 373 piam,
392 342 439 364 aut
464 336 662 371 presbyterum,
686 335 714 362 in
731 342 778 363 eos
795 334 983 362 vehementius
1004 340 1080 361 com-

293 387 394 415 motus,
407 387 481 409 extra
497 379 639 409 ecclesiam
654 380 755 416 eiiciat,
765 380 817 408 hoc
831 384 883 412 est,
896 379 1081 414 segregatione

294 429 387 463 puniat
402 437 408 455 :
425 436 459 455 ne
474 428 517 455 ille
530 432 652 461 repente,
679 427 729 453 ltoc
754 431 806 457 est,
824 426 915 453 subito
933 429 960 452 et
977 424 1081 458 absque

294 482 375 501 causa
391 473 580 501 communione
603 472 725 507 privetur
735 491 743 504 ,
758 472 964 506 providendum.
979 471 1082 498 scilicet

293 526 321 547 et
334 521 484 547 curandum
501 524 554 547 est.
584 518 731 554 Confugiat
759 526 824 545 vero
853 518 888 550 is,
915 517 960 552 qui
977 517 1080 551 eiectus

293 571 346 598 est,
362 567 395 592 ad
413 566 649 600 metropolitanum
678 565 838 600 provinciae,
854 571 915 590 eum
942 562 1080 595 videlicet,

296 612 340 640 tui
358 612 500 647 episcopus
516 619 623 646 quoque
641 610 685 638 ille
699 615 792 638 auctor
807 608 1002 644 segregationis
1017 608 1082 634 sub-

293 660 382 693 jectus
396 664 454 692 est;
472 658 602 691 illmnque
618 662 693 692 roget
710 661 738 683 ut
763 658 910 691 negotium,
936 655 961 681 id
978 653 1082 681 scilicet

295 704 367 738 quod
382 710 476 731 contra
492 704 578 738 ipsum
597 703 630 730 ab
646 703 772 736 episcopo
787 707 878 728 actum
898 705 951 734 est,
967 700 1082 734 diligent-

296 757 337 777 ter
352 750 499 776 examinet.
524 748 616 783 Neque
631 756 693 776 vero
719 753 765 774 aut
787 747 921 781 supplices
948 746 1083 780 negligere

296 795 337 821 las
349 798 399 827 est,
415 798 461 821 aut
484 794 637 828 episcopus,
665 801 679 819 ο
697 800 751 827 quo
779 793 898 827 irrogata
931 790 1082 825 segregatio

296 845 348 872 est,
364 847 394 867 ea
408 840 586 874 inquisitione
608 839 708 866 oilendi
725 859 732 870 ,
752 838 817 872 quin
839 838 865 864 id
881 838 969 872 potius
986 843 1083 871 magno

1130 239 1207 274 χολος
1219 236 1247 275 ᾖ,
1264 239 1324 274 ἦτοι
1351 237 1473 273 ὀργίλος,
1489 237 1513 263 εί
1529 236 1577 263 καὶ
1597 235 1647 264 οὐκ
1663 235 1794 270 ἐνδέχεται
1811 236 1883 262 τοιού-

1130 293 1193 316 seu;
1207 282 1353 315 εἶναιτοὺς
1370 285 1549 314 ἐπισκόπους,
1563 283 1612 309 καὶ
1626 281 1745 316 κινηθεὶς
1761 282 1797 313 είς
1815 280 1885 316 θυμὸν

1130 330 1203 357 κατὰ
1218 329 1375 366 διακόνουῆ
1397 329 1586 364 πρεσϐυτέρου
1611 327 1714 364 ἐκϐάλῃ
1736 327 1783 363 τῆς
1803 328 1885 363 tuadi}-

1132 375 1193 408 σίας
1209 376 1280 408 τινὰ,
1303 375 1390 411 ῇγουν
1412 374 1542 411 ἀφορισῃ,
1560 373 1720 410 προνοητέον
1747 374 1802 409 ἦτοι
1821 382 1887 410 φρον-

1130 422 1246 453 τιστέον,
1279 421 1316 457 μὴ
1344 421 1452 456 ἀθρόον,
1485 421 1571 455 ἦγουν
1597 419 1735 454 αἰφνιδίως
1760 420 1804 446 καὶ
1820 419 1887 454 χωρὶς

1133 467 1246 500 σκοποῦ,
1260 467 1307 494 τὸν
1319 467 1440 494 τοιοῦτον
1454 467 1504 503 τῆς
1518 467 1660 498 κοινωνίας
1672 465 1887 501 ἀποστρεφείαθαι.

1133 514 1340 549 Καταφευγέτω
1353 514 1381 541 δὲ
1393 514 1407 540 ὁ
1423 513 1571 549 ἐγκληθεὶς
1583 513 1651 548 πρὸς
1659 513 1704 539 τὸν
1711 511 1888 547 μητροπολίτην

1133 560 1182 594 τῆς
1213 560 1360 595 ἐπαρχίας,
1384 555 1406 593 ᾧ
1422 559 1544 594 δηλονότι
1578 559 1720 586 ὑπόκειται
1741 557 1755 584 ὸ
1781 556 1890 595 ἀφορίσας

1134 605 1294 638 ἐπίσκοπος,
1311 606 1359 632 καὶ
1390 605 1517 638 ἀξιούτω,
1536 605 1580 632 ἵνα
1608 604 1673 639 παρ’
1691 603 1770 630 αὺτοῦ
1790 601 1891 637 ἀκριϐῶς

1136 648 1268 686 ἐξετασοῇ
1294 651 1325 677 τὸ
1339 652 1465 686 πρᾶγμα,
1482 651 1543 686 ἢτοι
1558 652 1576 686 ή
1601 651 1644 678 ἐπ’
1669 649 1741 685 αὐτῷ
1752 648 1841 685 πρᾶξις
1854 647 1891 674 τοῦ

1135 698 1297 724 ἐπισκόπου.
1321 697 1358 723 Οὐ
1374 698 1427 732 χρὴ
1454 697 1509 732 γὰρ
1524 696 1699 733 παρορᾶσθαι
1713 696 1773 727 τοὺς
1785 694 1893 729 αίτουμί-

1136 751 1209 775 νους,
1224 743 1272 770 καὶ
1286 743 1377 778 μηδὲὸ
1392 743 1528 779 ἀφορίσας
1546 743 1697 774 ἐπίσκοπος
1711 741 1892 776 ἀγανακτείω¹

1134 788 1203 815 ἁ).λὰ
1213 789 1322 824 φερέτω
1336 789 1472 823 γενναίως
1487 789 1539 824 τὴν
1555 788 1691 822 ἐξέτασιν,
1714 788 1756 815 ἵνα
1769 787 1785 822 ἢ
1799 786 1891 822 κυρωθῇ

1136 836 1153 870 ὴ
1168 835 1308 869 ἀπόφασις
1321 834 1403 862 αὑτοῦ
1417 834 1510 862 δικαία
1522 834 1601 867 οὖσα,
1626 835 1643 870 ἢ
1670 833 1808 869 διορθωθῇ.
1825 832 1851 860 '0
1869 831 1891 859 δὲ

297 888 389 914 animo
403 886 475 913 ferre
492 886 583 918 debet;
607 889 636 912 ut
651 885 691 913 vel
708 883 881 920 pronuntiata
899 883 1044 915 sententia,
1058 882 1080 908 si

1134 882 1325 916 ἀφωρισμένος
1335 880 1390 914 ,οὐκ
1406 880 1510 915 ὀφείλει
1522 881 1576 916 πρὸ
1587 880 1638 916 τῆς
1652 879 1817 914 διαγνώσεως
1829 878 1890 906 ἀναι-

294 934 367 968 justa
384 933 478 965 fuerit,
493 933 688 960 conlirmetur:
709 931 761 962 vel,
779 931 800 957 si
817 931 850 957 ab
876 930 1003 963 aequitate
1027 929 1083 956 dis-

296 979 459 1012 crepaverit,
485 978 648 1012 corrigatur.
661 977 712 1010 Qui
725 976 805 1011 503
817 983 881 1003 vero
895 975 1083 1010 segregatione

297 1025 442 1052 damnatus
458 1029 510 1056 est,
538 1027 600 1051 ante
617 1031 705 1050 causae
732 1023 913 1057 cognitionem
940 1030 974 1049 ne
998 1028 1027 1048 se
1054 1020 1082 1047 in

296 1069 516 1106 communionem
532 1068 652 1096 fidelium
669 1068 839 1103 impudenter
854 1068 984 1095 insinuet.
1006 1066 1083 1100 Quod

299 1114 324 1142 si
341 1115 388 1150 qui
403 1122 436 1142 ex
449 1115 556 1142 clericis
583 1114 653 1142 illius
676 1114 808 1149 episcopi,
825 1121 838 1140 a
855 1121 909 1148 quo
927 1117 1084 1148 segregatus

297 1165 349 1192 est,
365 1161 498 1188 adversus
527 1161 617 1195 ipsum
642 1160 801 1188 insolentius
824 1159 913 1187 eﬂ‘erri
931 1160 1005 1187 illum
1029 1159 1086 1185 ani-

299 1206 503 1239 madverterint,
520 1205 610 1233 verbis
623 1213 684 1233 eum
693 1205 889 1243 acerbioribus,
903 1204 1083 1240 gravioribus,

297 1252 525 1280 vehementiorem
536 1252 640 1279 scilicet
649 1251 862 1287 objurgationem
873 1251 1084 1282 continentibus,

300 1296 462 1329 detcrquere
476 1303 508 1322 ac
524 1295 642 1328 ﬂectere,
658 1295 709 1322 hoc
720 1301 772 1327 est,
788 1296 821 1322 ad
839 1296 922 1322 anitni
948 1295 1085 1323 remissio-

300 1347 362 1366 nem
390 1341 599 1375 mudestamque
625 1341 821 1375 subiectionem
839 1348 968 1368 revocare
984 1348 1086 1369 conen-

301 1391 345 1412 tur
359 1395 365 1412 :
380 1387 453 1421 quod
469 1387 577 1421 quidem
593 1394 649 1419 cos,
666 1392 793 1421 tanquam
811 1388 938 1421 episcopo
953 1394 1010 1414 suo
1019 1386 1086 1414 sub-

300 1432 450 1459 servientes
481 1440 512 1459 ac
547 1433 704 1467 morigeros,
730 1438 859 1467 praestare
889 1434 976 1461 decet.
1007 1433 1086 1461 Sicut

300 1478 385 1511 enim,
406 1478 503 1512 inquit,
519 1479 639 1513 episcopi
652 1487 714 1514 erga
733 1479 871 1506 tninistros
881 1487 958 1511 suos,
973 1480 1087 1508 clericos

299 1524 436 1557 videlicet,
451 1526 586 1552 sinceram
601 1526 682 1552 anitni
696 1525 866 1553 affectionem
883 1533 938 1560 pra:
953 1534 982 1554 se
998 1527 1069 1554 ferre
1079 1547 1086 1559 ,

300 1569 341 1596 sic
358 1569 395 1597 illi
411 1570 529 1597 vicissim
546 1571 679 1605 episcopis
692 1570 875 1597 ministerium
901 1571 972 1597 nulla
997 1575 1090 1599 conta-

298 1616 380 1651 gione
408 1616 460 1642 doli
489 1616 704 1643 contaminatum
733 1621 862 1651 prtcstare
885 1611 994 1644 debent.
1013 1616 1088 1650 Quod

299 1667 389 1689 autem
407 1663 446 1689 ait
469 1670 555 1690 canon
583 1663 675 1695 licere,
692 1663 805 1690 absente
829 1664 1047 1697 metropolitano,
1064 1664 1089 1692 ei

299 1707 346 1741 qui
361 1712 519 1742 segregatus
530 1711 582 1741 est,
600 1708 632 1735 ad
647 1708 803 1735 viciniorem
820 1708 974 1743 episcopum
986 1717 1085 1744 provo-

300 1761 374 1788 rare,
401 1762 538 1789 nunquam
558 1759 716 1789 usurpatum
734 1754 817 1782 fuisse
841 1756 985 1788 eaistimo;
1003 1757 1088 1784 nostri
1112 1774 1115 1778 -

300 1806 374 1828 certe
400 1802 528 1836 temporis
543 1801 712 1829 consuetudo
728 1809 781 1828 non
797 1801 925 1830 admittit.
945 1801 1087 1835 Quomodo

1130 928 1187 960 ιδὼς
1201 927 1344 963 προσιέναι
1360 929 1391 963 τῇ
1423 927 1563 962 κοινωνίᾳ.
1583 927 1647 953 Ἐὰν
1672 927 1700 954 δὲ
1716 926 1801 953 {suum
1826 923 1891 952 αὐτόν

1134 982 1210 1005 τινες
1232 973 1287 1000 τῶν
1303 972 1443 1008 κληρικῶν
1460 973 1506 999 τοῦ
1523 968 1891 1007 ἀφορίσαντοςάὺτὺνέπισκό-

1137 1027 1189 1044 που
1209 1017 1392 1053 ἐπαιρόμενόν
1407 1026 1437 1044 τε
1451 1018 1498 1045 καὶ
1523 1017 1753 1052 ἀλαζονευόμενον
1776 1014 1840 1043 κατὰ
1854 1013 1890 1041 τοῦ

1134 1064 1318 1099 ἀφορίσαντος
1331 1064 1424 1096 αὑτὸν,
1440 1063 1596 1098 ὀφείλουσιν
1623 1059 1792 1098 ἐπιστρέφειν
1816 1059 1889 1091 αὑτὸν.

1134 1110 1272 1137 τουτέστιν
1284 1111 1324 1142 είς
1334 1111 1499 1137 ταπείνωσιν
1528 1111 1607 1144 ἄγειν
1628 1110 1675 1137 καὶ
1699 1108 1838 1143 ὑποταγὴν.
1855 1115 1890 1133 m-

1138 1157 1280 1192 κροτέροις
1305 1157 1354 1184 καὶ
1379 1157 1541 1192 βαρυτέροις
1571 1157 1704 1192 ῥήμασιν,
1735 1150 1892 1181 ὃνειδιοτικοίς

1115 1224 1118 1229 ,
1137 1203 1239 1238 δηλαδὴ
1254 1203 1302 1231 καὶ
1318 1202 1564 1235 ἐπεξελευστικοῖςο
1579 1202 1660 1229 τοῦτο
1681 1202 1710 1229 δὲ
1733 1201 1813 1228 ποιεῖν
1834 1198 1892 1233 ὀφεί-

1136 1249 1237 1282 λουσιν,
1249 1249 1287 1281 ὡς
1301 1249 1506 1284 ὑπηρετοῦντες
1521 1249 1569 1275 καὶ
1585 1248 1768 1280 ὑπακούοντες
1779 1244 1821 1274 τοῦ
1845 1245 1890 1271 ἑπι-

1139 1295 1243 1321 σκόπου
1273 1294 1373 1322 αὐτῶν.
1400 1295 1507 1331 Ὥσπερ
1533 1295 1598 1330 γὰρ,
1617 1294 1695 1330 φησι,
1723 1293 1796 1329 χρέος
1816 1292 1862 1327 ἔχει
1883 1290 1893 1316 ό

1137 1341 1286 1372 ἐπίσκοπος
1300 1340 1488 1368 ἐνδείκνυσθαι
1504 1340 1632 1376 καθαρὰν
1642 1340 1760 1368 διάθεσιν
1771 1338 1832 1374 πρὸς
1845 1336 1892 1370 ιιορι

1138 1386 1288 1421 ὑπηρέτας,
1301 1388 1360 1422 ἦτοι
1377 1386 1440 1419 τοὺς
1453 1386 1601 1421 κληρικοὺς
1620 1387 1714 1418 αὑτοῦ,
1731 1385 1811 1416 οὕτως
1821 1382 1892 1418 ἀρίδη-

1138 1433 1184 1459 λόν
1211 1433 1270 1459 ἐστι
1293 1431 1438 1464 κάκείνους
1465 1431 1586 1466 ὀφείλειν
1616 1432 1666 1465 τὴν
1692 1429 1831 1466 ὑπηρεσίαν
1851 1426 1892 1456 τοῖς

1139 1479 1302 1510 ἐπισκόποις
1317 1478 1410 1505 ἄδολον
1423 1478 1554 1506 ἐκτελεῖν.
1575 1477 1615 1504 Τὸ
1626 1478 1654 1505 δὲ
1667 1477 1755 1512 λέγειν
1766 1475 1806 1503 τὸν
1816 1472 1890 1501 κανόνα

1142 1526 1180 1561 μὴ
1207 1525 1388 1560 ἐνδημοῦντος
1412 1525 1459 1551 τοῦ
1485 1524 1689 1560 μητροπολίτου
1711 1523 1759 1555 τῆς
1787 1517 1891 1555 ἐπαρχίας

1141 1571 1327 1606 καταφεύγειν
1338 1571 1385 1597 τὸν
1403 1570 1586 1605 ἀφορισθέντα
1607 1570 1656 1596 ἐπὶ
1671 1569 1716 1596 τὸν
1725 1566 1890 1604 πλησιόχωρον,

1141 1615 1219 1651 οῐμαι
1231 1616 1367 1651 μηδέποτε
1379 1616 1537 1651 ἐνεργῆσαι,
1565 1614 1639 1647 τέως
1655 1615 1684 1641 δὲ
1705 1614 1750 1641 νῦν
1765 1614 1792 1640 οὺ
1803 1612 1891 1647 γίνεται.

1142 1664 1203 1694 Πῶς
1215 1663 1271 1697 γὰρ
1282 1663 1346 1697 παρ’
1358 1662 1452 1697 ἐτέρου
1467 1661 1684 1697 μητροπολίτου,
1697 1658 1718 1696 ᾧ
1726 1661 1772 1696 οὐχ
1782 1658 1892 1686 dirimat

1143 1711 1156 1736 ὁ
1173 1709 1307 1744 ἀφορίσας
1320 1709 1481 1740 ἐπίσκοπος,
1509 1708 1695 1743 πεισθήσεται
1719 1704 1892 1742 δοκιμασθῆναι,

1142 1757 1167 1783 εί
1181 1756 1292 1788 δικαίως
1305 1755 1445 1791 ἀφώρισεν
1470 1755 1487 1790 ἢ
1510 1756 1547 1790 μή
1559 1763 1568 1788 ;
1587 1756 1670 1791 Ζήτει
1684 1755 1730 1782 καὶ
1742 1754 1788 1789 τῆς
1799 1753 1825 1779 ἐν
1837 1750 1889 1783 Κιρ-

1143 1802 1245 1838 θαγένη
1259 1802 1359 1829 κανόνα
1371 1801 1423 1829 κθ’.

299 1845 372 1872 enim
390 1846 424 1873 ab
448 1847 532 1874 altero
559 1847 777 1882 metropolitano,
804 1848 847 1875 cui
871 1848 1009 1882 subjectus
1025 1857 1077 1876 non
1108 1854 1150 1877 est
1176 1850 1321 1885 epiScopus
1339 1848 1535 1885 segregationis
1559 1853 1667 1882 auctor,
1684 1848 1717 1876 de
1736 1853 1765 1874 ea
1794 1846 1887 1892 ίθιτερς

302 1892 382 1925 tione,
398 1893 494 1927 jurene
515 1901 549 1920 an
567 1894 694 1929 injuriam
719 1895 824 1923 decreta
862 1895 953 1929 fuerit,
981 1897 1159 1931 quaestionem
1193 1898 1286 1925 haberi
1317 1897 1481 1932 permittat?
1499 1895 1566 1924 Vide
1590 1895 1687 1931 synodi
1707 1892 1891 1927 Carthaginem

299 1946 429 1966 canonem
447 1940 684 1968 undetricesimum

300 1995 413 2025 ARIST.
435 2005 445 2022 ι
466 1997 507 2023 Ab
522 1996 650 2024 iracundo
667 1997 871 2031 condemnatus,
883 1998 905 2026 si
924 1998 1025 2026 auxilio
1043 1999 1084 2035 in-

339 2051 357 2068 τ
370 2043 469 2078 digeat,
487 2043 635 2069 audiendus
650 2051 657 2069 :
672 2043 758 2070 donec
773 2051 841 2071 vero
856 2044 986 2071 auxilium
1002 2045 1088 2080 impe-

339 2097 350 2115 ‹
369 2090 489 2120 traverit,
504 2090 752 2117 excommunicatus
769 2096 885 2118 maneat.
901 2100 910 2116 ι

337 2134 388 2167 Qui
405 2135 439 2161 ab
451 2134 576 2168 episcopo
593 2135 626 2160 ad
645 2136 711 2161 iram
726 2135 838 2162 forsitan
852 2140 987 2163 commoto
1000 2143 1090 2171 segre-

301 2187 380 2216 gatur
398 2180 532 2212 clericus,
548 2180 570 2207 si
587 2179 619 2206 ad
636 2180 835 2215 metropolitam
846 2201 854 2214 ,
872 2182 916 2208 cui
943 2181 1087 2215 subjicitur

301 2227 455 2262 episcopus,
470 2226 584 2259 accedit,
603 2231 631 2253 ttt
649 2227 845 2262 segregationis
857 2235 966 2255 causam
985 2229 1087 2255 exarui-

302 2279 366 2307 net;
397 2273 454 2300 sive
468 2280 500 2300 ea
511 2273 583 2308 justa
608 2273 663 2306 sit,
680 2273 737 2300 sive
761 2281 815 2301 non
836 2274 892 2307 sit,
917 2274 1084 2301 admittetur.

301 2320 453 2354 Antequam
469 2324 556 2347 autem
572 2320 755 2354 examinetur,‘
768 2325 797 2347 et
813 2325 905 2347 notum
917 2321 954 2348 sit
971 2329 1004 2348 an
1018 2322 1090 2356 jusle

301 2370 457 2401 segregatus
482 2365 563 2392 interit
586 2373 692 2399 necne,
715 2366 752 2393 'ad
780 2366 1021 2402 communionem;
1036 2376 1089 2394 non

302 2413 469 2447 admittetur,
483 2414 529 2441 sed
543 2414 569 2441 in
583 2421 662 2448 poena
677 2413 806 2441 manebit.

677 2455 683 2465 \

601 2502 714 2530 CANON
736 2502 794 2530 XV.

307 2560 318 2577 ι
337 2549 366 2577 Si
380 2550 442 2586 quis
452 2549 594 2585 episcopus
615 2557 648 2577 ex
678 2549 730 2576 alia
752 2549 871 2585 parcecia
894 2549 957 2577 velit
975 2551 1093 2579 alienum

345 2605 355 2622 ι
373 2596 538 2628 ministrum,
555 2595 613 2622 sine
633 2602 764 2622 consensu
789 2595 889 2630 proprii
909 2597 1044 2631 episcopi,
1066 2597 1093 2624 in

345 2652 354 2668 ι
372 2643 461 2677 aliquo
476 2642 558 2677 gradu
573 2642 756 2674 constituere;
773 2641 849 2669 irrita
861 2647 888 2669 et
905 2642 1010 2669 inﬁrma
1025 2643 1093 2677 ejus-

343 2697 353 2713 ι
370 2688 441 2716 modi
454 2686 613 2715 constitutio
627 2686 806 2714 existimetur.
828 2687 856 2714 Si
880 2687 926 2721 qui
939 2694 1027 2714 autem
1042 2689 1093 2715 hoc

342 2743 351 2760 ι
369 2734 420 2761 sibi
435 2733 501 2768 ipsis
513 2726 694 2768 permiserint,
710 2742 725 2761 a
749 2733 879 2761 fratribus
889 2738 914 2761 et
928 2734 1094 2768 coepiscopis

340 2789 350 2804 Ι
367 2783 394 2806 et
407 2779 547 2806 admoneri
564 2784 590 2807 et
606 2778 705 2814 corrigi
720 2778 826 2807 debent.
837 2779 936 2807 Omnes
947 2780 1071 2806 dixerunt
1084 2788 1091 2806 :

345 2834 354 2850 ι
373 2824 427 2852 Hoc
442 2823 557 2861 quoque
582 2826 803 2863 decretumustet
826 2825 933 2854 ﬁrmum
948 2829 975 2854 et
993 2825 1091 2853 immo-

343 2879 354 2896 ι
372 2870 433 2899 bile.
453 2880 462 2897 ι

1139 1988 1250 2016 ΑΡΙΣΤ.
1282 1996 1292 2013 ‹
1319 1987 1347 2013 '0
1379 1987 1446 2021 παρ’
1466 1985 1595 2022 ὀξυχόλου
1612 1985 1783 2019 κακάκριτος,
1807 1981 1892 2008 ἐπικου-

1178 2044 1187 2061 t
1213 2034 1271 2070 ρίας
1284 2033 1422 2068 δεόμενος,
1448 2033 1498 2059 οὐκ
1512 2032 1640 2068 ἀνήκοος.
1658 2032 1738 2067 Ι’Δχρι
1751 2030 1778 2056 δέ
1790 2028 1834 2062 τῆς
1847 2024 1892 2051 ἐπ’

1178 2093 1187 2108 ‹
1212 2081 1325 2117 κουρίας
1340 2081 1441 2117 δηλαδὴ
1457 2080 1652 2115 ἀκοινώνητος.
1669 2088 1680 2106 ι
1802 2081 1804 2086 “

1179 2130 1209 2157 Ὀ
1225 2129 1290 2163 παρ’
1307 2128 1455 2155 ἐπισκόπου
1471 2128 1511 2159 είς
1525 2127 1612 2163 θυμὸν
1623 2128 1660 2159 ὼς
1673 2126 1749 2161 ἔτυχε
1763 2118 1895 2171 κινονιιένοξ

1141 2176 1305 2211 ἁφορισθεὶς
1321 2175 1462 2210 κληρικὸς,
1474 2175 1497 2200 εί
1509 2173 1647 2210 προσέλθῃ
1661 2173 1700 2207 τῷ
1710 2166 1872 2208 μητροπολίτῃ
1880 2166 1896 2196 (ii

1139 2223 1153 2248 ὁ
1169 2222 1317 2253 ἐπίσκοπος
1331 2221 1485 2252 ὑπόκειται,
1499 2219 1546 2246 ἐπὶ
1561 2220 1591 2246 τὸ
1605 2219 1732 2262 ἐξετάσαι
1759 2216 1804 2251 τὴν
1826 2210 1896 2262 αὶιίξν

1139 2268 1186 2295 τοῦ
1210 2268 1374 2303 ἁφορισμοῦ,
1398 2267 1454 2293 εἴτε
1482 2265 1592 2300 εὔλογὸς
1622 2255 1706 2297 hci-rw,
1728 2264 1780 2290 είτε
1801 2259 1842 2288 καὶ
1856 2255 1897 2303 μὴν

1104 2303 1128 2332 Ῑ)
1143 2302 1380 2348 παραδεχίίήσεται
1394 2321 1401 2328 ·
1420 2311 1474 2347 πρὸ
1485 2311 1514 2337 δὲ
1529 2311 1576 2337 τοῦ
1601 2309 1776 2345 ἐξετασθῆναι
1790 2306 1832 2334 καὶ
1852 2302 1897 2348 διαξ

1142 2346 1309 2395 γνωσθῆναι,
1326 2359 1383 2386 εἴτε
1398 2358 1488 2390 καλῶς
1500 2357 1657 2392 ἀφωρίσθη,
1681 2356 1735 2383 εἴτε
1757 2353 1799 2382 καὶ
1814 2350 1856 2387 μὴν
1874 2346 1898 2395 Ῠὺ

1142 2392 1380 2442 παραδεγχθήσεται
1390 2406 1431 2436 εἰς
1441 2404 1596 2437 κοινωνίαν,
1615 2403 1674 2431 ἀλλ’
1697 2403 1727 2429 ἐν
1739 2399 1777 2436 τῷ
1792 2392 1898 2429 ἐπιτιμίῳ

1140 2453 1226 2481 ἔσται.

1445 2498 1566 2526 ΚΔΝΩΝ
1581 2497 1633 2525 IE'.

1150 2556 1160 2573 ι
1178 2547 1212 2573 EE
1222 2555 1264 2578 τις
1282 2546 1432 2576 ἐπίσκοπος
1452 2545 1482 2580 ἐξ
1509 2544 1604 2579 ἐτέρας
1635 2541 1777 2578 παροικίας
1802 2532 1898 2573 Fami”

1186 2601 1195 2618 ι
1212 2591 1351 2626 ἀλλότριον
1368 2590 1508 2626 ὑπηρέτην
1525 2590 1609 2625 χωρὶς
1628 2589 1678 2623 τῆς
1701 2581 1898 2621 συγκαταθισιωϐ

1183 2648 1193 2664 ι
1209 2638 1257 2665 τοῦ
1272 2637 1337 2664 ίδίου
1353 2637 1501 2664 ἐπισκόπου
1516 2636 1555 2667 είς
1564 2643 1623 2662 τινα
1634 2634 1736 2670 βαθμὸν
1745 2626 1898 2660 κατανοήσων

1185 2692 1195 2708 ι
1214 2683 1316 2718 ἄκυρος
1331 2682 1378 2709 καὶ
1394 2681 1521 2712 ὰϐέσαιος
1542 2682 1558 2715 ἡ
1583 2679 1694 2714 τοιαῦτη
1719 2678 1735 2712 ἡ
1758 2672 1899 2719 κε’άπίίσξς

1185 2737 1194 2754 ι
1215 2727 1363 2763 νομίζοιτο.
1383 2727 1415 2754 El
1430 2734 1502 2758 τινες
1515 2726 1537 2752 δ’
1553 2726 1586 2753 ἂν
1601 2725 1681 2752 τοῦτο
1691 2721 1798 2756 ἑαυτοῖς,
1812 2719 1896 2763 HW"

1182 2784 1191 2801 t
1212 2759 1310 2810 ψειαν,
1330 2773 1406 2809 παρὰ
1425 2773 1480 2799 τῶν
1503 2771 1624 2807 ἀδελφῶν
1649 2769 1696 2797 καὶ
1718 2759 1897 2810 συνεπισιξηιιν

1185 2831 1194 2848 t
1212 2805 1259 2848 καὶ
1272 2805 1528 2856 ὑπομιμνήσκεσθαι
1548 2805 1594 2846 καὶ
1611 2813 1778 2852 διορθοῦσθαι
1797 2805 1898 2856 ὀφιίλξιιν

1183 2878 1192 2894 ι
1212 2877 1266 2894 σιν.
1284 2868 1422 2899 Ἅπαντες
1438 2864 1648 2902 εἰρήκασι-Καὶ
1659 2851 1898 2894 οὗτοςὸόροςοτήτω
1956 2892 1960 2898 _

1186 2923 1194 2941 ι
1213 2913 1370 2942 ἀσάλευτος,
1391 2922 1399 2938 ι
