4052 6424
430 294 563 361 1481

1558 294 1640 357 ΙΝ
1668 294 1837 359 GAN.
1873 293 2008 358 XVI
2036 292 2247 357 CONC.
2280 290 2587 359 SARDIC.

3512 295 3651 362 1482

478 409 677 467 ΒΔΛΣ.
720 407 779 463 '0
816 405 880 474 ιζ’
942 406 1123 464 κανὼν
1184 411 1283 482 τῆς
1332 410 1498 483 ἕκτης
1544 413 1791 479 συνόδου,
1829 426 1995 483 μεταο

2165 411 2363 471 BALS.
2392 414 2669 484 Septimus
2697 414 2940 471 decimus
2970 427 3149 471 canon
3173 423 3339 470 sexta:
3366 412 3557 485 synodi
3583 406 3675 484 qui

409 503 736 572 γενέστερος
760 499 859 567 ὢν,
887 500 1271 572 καθαιρεῖσθαι
1304 501 1604 574 διορίζεται
1627 504 1722 558 καὶ
1748 503 1876 566 τοὺς
1901 501 1993 555 δεσσ

412 592 683 662 ξαμένους
716 592 811 645 καὶ
839 592 966 653 τοὺς
997 591 1308 661 δεχθέντας.
1344 593 1645 660 Ἀνάγνωθι
1674 593 1889 662 καὶτῆς
1931 594 1992 645 ἐν

410 682 622 755 Νικαὶᾳ
656 682 876 736 συνόδου
906 681 1109 737 κανόνα
1142 681 1244 749 ις’,
1279 684 1379 755 τῆς
1429 686 1488 739 ἐν
1539 683 1872 756 Καρθαγένῃ
1918 683 1991 737 νδ¹

411 775 507 827 καὶ
528 777 579 839 ια
611 771 750 844 (80).

482 867 732 922 ΖΩΝΑΡ.
768 868 905 939 Περὶ
934 868 1129 923 τούτου
1156 868 1255 923 καὶ
1278 870 1307 923 ό
1332 867 1408 934 ις’
1434 865 1617 922 κανὼν
1661 868 1761 938 τῆς
1805 868 1864 922 έν
1895 869 1994 922 Νι-

410 958 547 1028 καία
580 958 810 1031 πρώτης
840 960 1085 1028 συνόδου,
1121 961 1217 1016 καὶ
1245 963 1274 1016 ὀ
1309 960 1377 1026 ιζ’
1398 961 1495 1030 τῆς
1526 967 1579 1026 ς’
1612 960 1854 1026 συνόδου,
1898 961 1994 1015 καὶ

407 1050 437 1102 ό
463 1050 559 1121 τῆς
592 1052 652 1104 ἐν
682 1051 1018 1126 Καρθαγένῃ
1040 1052 1114 1107 νδ¹
1138 1054 1233 1106 καὶ
1284 1056 1335 1120 ι]
1367 1051 1732 1121 διαλέγονται,
1765 1052 1854 1106 ῖνα
1914 1052 1991 1123 μή

408 1148 495 1206 τις
520 1142 824 1209 ἐπίσκοπος
854 1146 1046 1217 ἐτέρου
1073 1144 1377 1199 ἐπισκόπου
1421 1145 1683 1214 κληρικὺν
1740 1145 1991 1217 δέχηται,

409 1231 442 1300 ἢ
475 1236 759 1303 χειροτονῇ
793 1234 958 1287 αὑτὸν
990 1236 1073 1298 είς
1099 1235 1326 1307 μείζονα
1365 1235 1622 1306 προάγων
1647 1234 1878 1305 βαθμόν.
1928 1236 1993 1288 El

409 1324 466 1377 δὲ
491 1325 887 1395 χειροτονήσει,
914 1326 1119 1399 ἄκυρος
1152 1328 1187 1399 η
1216 1327 1524 1398 χειροτονία
1562 1328 1670 1397 εἴη,
1728 1328 1779 1381 εί
1829 1327 1904 1398 μὴ
1963 1327 1991 1380 ό

410 1414 678 1485 πρότερος
706 1418 1011 1483 ἐπίσκοπος
1034 1420 1130 1473 τοῦ
1157 1418 1424 1490 κληρικοῦ
1477 1420 1691 1474 ἐκείνου
1721 1420 1994 1492 ἐπιτρέψῃ

408 1504 510 1573 τὴν
537 1508 896 1577 χειροτονίαν.
936 1506 1000 1563 Οἱ
1044 1504 1102 1562 δὲ
1138 1508 1299 1563 τοῦτο
1325 1508 1541 1575 ἑαυτοῖς
1576 1510 1991 1583 ἐπιτρέψαντες,

408 1595 656 1651 τουτέστι
680 1598 740 1651 τὸ
771 1600 1163 1655 οίκειώσασθαι
1206 1601 1239 1673 ἢ
1271 1600 1368 1655 καὶ
1396 1605 1775 1675 χειροτονῆσαι
1834 1602 1992 1657 ἀλλό-

410 1689 880 1763 τριονκληρικδν,
932 1692 1240 1763 ὀφείλουσιν
1291 1694 1814 1766 ὑπομιμνήσκεσθαι
1862 1697 1993 1768 περὶ

407 1783 603 1836 τούτου
628 1781 726 1837 καὶ
756 1779 1105 1856 διορθοῦσθαι
1132 1785 1284 1857 παρὰ
1307 1778 1418 1840 τῶν
1461 1782 1710 1856 ἀδελφῶν
1738 1787 1831 1840 καὶ
1862 1803 1989 1840 συνο
2016 1774 2066 1833 Β

408 1873 751 1931 επισκόπων.
795 1872 854 1930 Ὀ
880 1876 936 1929 δὲ
963 1873 1026 1930 ιλ¹
1054 1874 1236 1931 κανὼν
1269 1876 1367 1947 τῆς
1420 1874 1474 1943 ς’
1529 1877 1772 1944 συνόδου,
1821 1895 1989 1948 μετα-

407 1964 742 2035 γενεστέρας
779 1964 948 2037 ούσης
976 1964 1381 2036 παράαταύτην
1405 1965 1505 2036 τὴν
1565 1965 1802 2031 σύνοδον,
1858 1967 1988 2031 τοὺς

406 2052 599 2107 εκτοτε
650 2054 821 2125 χωρὶς
879 2053 1111 2125 γνώμης
1172 2056 1266 2107 τοῦ
1309 2055 1511 2107 οἰκείου
1558 2054 1860 2107 ἐπισκόπου
1905 2057 1989 2120 εἰς

408 2144 604 2213 ἑτέραν
640 2144 1097 2215 μεταχωροῦντας
1126 2145 1427 2216 ἐκκλησίαν
1464 2145 1850 2218 καθαιρεῖσθαι
1898 2161 1989 2200 κε-

406 2242 574 2310 λεύει,
609 2244 858 2307 καὶτοὺς
898 2241 1335 2314 ὑποδεξαμένους
1375 2242 1596 2308 αὐτούς.

408 2420 636 2479 ΑΡΙΣΤ.
684 2438 703 2473 ι
744 2419 848 2474 Τὸν
880 2420 1162 2491 ἀλλότριον
1208 2418 1489 2489 ὑπηρέτην
1545 2417 1827 2488 ἀλλότριος
1868 2416 1992 2489 δίχα

479 2524 498 2563 ι
530 2512 629 2582 τῆς
658 2512 869 2565 ἐκείνου
910 2512 1138 2582 γνώμης
1187 2511 1474 2582 έμϐαθμον
1505 2510 1771 2573 καθιστὰς
1806 2510 1993 2564 καθίσ-

484 2618 504 2656 t
541 2614 719 2675 τησιν,
760 2603 875 2658 ἀλλ’
902 2602 1175 2658 ἀϐέϐαιον.
1201 2620 1220 2654 ι

481 2782 557 2835 Οὐ
586 2781 669 2835 δεῖ
715 2782 1018 2838 ἐπίσκοπον
1051 2782 1337 2853 ἀλλότριον
1371 2779 1642 2853 κληρικὸν
1688 2782 1996 2852 παραδέχε-

407 2874 554 2940 σθαι,
586 2873 680 2927 καὶ
728 2877 811 2937 είς
844 2874 1057 2945 βαθμόν
1076 2892 1199 2929 τινα
1231 2874 1448 2928 τάττειν
1482 2874 1646 2927 αὐτὸν
1693 2872 1821 2926 ἄνευ
1851 2871 1996 2943 γνὼ-

406 2983 516 3038 μης
547 2965 639 3018 τοῦ
671 2965 802 3019 ίδίου
836 2968 1163 3020 ἐπισκόπου.
1201 2967 1264 3020 El
1291 2965 1347 3019 δέ
1390 2965 1683 3029 τιςητοῦτο
1738 2965 1993 3035 ποιήσει,

405 3058 501 3109 καὶ
530 3058 621 3109 τὸν
651 3056 939 3127 ἀλλότριον
961 3059 1021 3110 ἐν
1042 3058 1122 3129 τῷ
1155 3053 1272 3128 ίδίῳ
1304 3058 1497 3127 κλήρῳ
1548 3058 1991 3125 ἐγκαταστήσευ

404 3148 606 3219 ἄκυρος
662 3148 757 3205 καὶ
819 3149 1076 3214 ἀϐέϐαιος
1122 3151 1157 3221 ἠ
1213 3148 1441 3221 τοιαύτῃ
1494 3147 1647 3203 ἔσται
1707 3148 1989 3203 κατάστα-
2019 3130 2066 3194 c

408 3259 516 3305 σις.

1002 3328 1243 3391 KANoN
1275 3327 1393 3403 πεῖν.

416 3443 433 3483 ι
488 3429 695 3494 Ἀέτιος
726 3428 1031 3495 ἐπίσκοπος
1058 3424 1213 3485 εἶπεν
1235 3444 1250 3462 ο
1288 3429 1403 3485 Οὐκ
1431 3430 1677 3500 ἀγνοεῖτε
1715 3428 1877 3485 δποία
1900 3433 1997 3487 καὶ

496 3540 513 3573 ι
557 3522 764 3593 πηλίκη
798 3523 1059 3591 τυγχάνει
1090 3522 1124 3591 ἡ
1168 3519 1279 3575 τῶν
1311 3520 1762 3576 Θεσσαλονικέων
1790 3522 1995 3594 μητρότ

490 3631 508 3666 ι
545 3613 719 3675 πολις.
748 3611 1018 3675 Πολλάκις
1043 3612 1340 3682 τοιγαροῦν
1365 3613 1447 3675 είς
1467 3613 1639 3683 αὐτὴν
1664 3612 1772 3666 ἀπὸ
1792 3613 1995 3683 ἐτέρων

490 3724 507 3757 ι
549 3705 831 3775 ἐπαρχιῶν
871 3703 1240 3775 πρεσϐύτεροι
1293 3704 1388 3756 καὶ⁵
1467 3703 1708 3757 διάκονοι
1757 3704 1996 3777 παραγί-

494 3818 512 3850 ι
550 3809 756 3865 νονται,
789 3796 887 3851 καὶ
941 3797 1045 3849 οὐκ
1090 3794 1425 3867 ἀρκούμενοι
1464 3793 1697 3866 βραχέος
1742 3794 1991 3867 διαγωγῇ

496 3904 513 3943 ι
551 3892 770 3963 χρόνου,
799 3888 1220 3958 ἐναπομένουσι,
1256 3888 1602 3943 καὶ·ἆπαντα
1660 3887 1753 3941 τὸν
1801 3888 1993 3960 χρόνον

494 4000 512 4034 ι
546 3981 735 4036 αὐτόθι
794 3978 1077 4043 ποιοῦντες
1118 3976 1484 4047 διατελοῦσιν,
1549 3977 1583 4049 ἢ
1641 3977 1795 4049 μόλις
1852 3979 1993 4049 μετὰ

496 4091 514 4126 ι
553 4074 812 4149 πλεῖστον
849 4072 1041 4143 χρόνον
1075 4073 1156 4136 είς
1183 4071 1283 4136 τάς
1314 4069 1529 4124 ἑαυτῶν
1558 4071 1847 4127 ἐπανιέναι
1896 4073 1992 4127 ἐκ·

500 4184 518 4217 ι
556 4164 790 4236 κλησίας
818 4162 1245 4231 ἀναγκάζονται.
1288 4162 1426 4234 Περὶ
1463 4161 1677 4216 τούτων
1734 4161 1829 4217 οὖν
1872 4164 1993 4234 όρις

490 4275 509 4308 ι
549 4258 724 4311 στέον.
760 4257 947 4319 Ὅσιος
982 4255 1283 4317 ἐπίσκοπος
1322 4251 1514 4308 εἶπενθ
1552 4248 1712 4308 Οὗτοι
1751 4255 1802 4309 οι
1851 4255 1991 4324 ὅροι,

495 4368 512 4403 ι
548 4350 598 4403 οἳ
626 4352 721 4404 καὶ
750 4349 842 4403 ἐπὶ
898 4349 1008 4402 τῶν
1050 4346 1370 4401 ἐπισκόπων
1418 4347 1737 4418 ὡρισμένοι,
1789 4344 1993 4415 φυλατι

499 4464 516 4498 ι
557 4445 840 4500 τὲσθωσαν
866 4444 960 4498 καὶ
1005 4440 1101 4494 ἐπὶ
1128 4439 1333 4494 τούτων
1366 4439 1475 4493 τῶν
1514 4438 1846 4510 προσώπων.

490 4537 684 4590 ΒΔΛΣ.
716 4536 829 4588 Καὶ
850 4528 1004 4597 οὗτος
1030 4534 1058 4586 ὁ
1088 4532 1270 4586 κανὼν
1303 4532 1435 4602 περὶ
1460 4529 1569 4583 τῶν
1624 4530 1991 4602 μετατιθεμέ-

419 4639 524 4682 νιτν
550 4626 834 4699 κληρικῶν
862 4626 974 4679 ἀπὸ
1013 4624 1225 4687 πόλεως
1251 4624 1332 4686 είς
1361 4622 1522 4676 πόλιν
1551 4622 1745 4693 ἑτέραν
1804 4623 1991 4693 διαγο-

421 4721 594 4791 ρεύει.
622 4718 738 4773 Καὶ
766 4714 1043 4785 ἀνάγνωθι
1071 4715 1141 4768 τὰ
1185 4713 1316 4785 περὶ
1342 4712 1561 4777 τούτους
1609 4714 1892 4784 γραφέντα
1934 4713 1995 4767 ἐν

419 4808 698 4882 διαφόροις
729 4810 944 4866 κανόσι.

498 4904 747 4959 ΖΩΝΑΡ.
782 4902 893 4956 Καὶ
924 4893 1080 4964 οὗτος
1105 4899 1134 4951 ὁ
1166 4899 1352 4955 κανὼν
1398 4898 1528 4970 περὶ
1567 4896 1678 4952 τῶν
1712 4896 1998 4969 μετατιθει

2097 514 2183 562 est
2206 506 2496 572 recentior,
2531 506 2684 578 jubet
2708 521 2802 563 eos
2835 506 3029 577 deponi
3086 516 3141 563 et
3198 507 3287 578 qui
3324 515 3681 576 susceperunt

2097 605 2153 651 et
2186 599 2278 668 qui
2306 600 2543 669 suscepti
2578 606 2722 656 sunt.
2761 599 2906 671 Lege
2939 608 2993 655 et
3025 598 3258 654 Nicmnae
3289 601 3481 670 synodi
3513 614 3680 655 cano-

2100 706 2222 747 nem
2256 691 2346 758 16,
2380 691 2826 761 Cartliaginensis
2848 706 3086 747 canones
3110 690 3181 746 64
3204 700 3259 747 et
3293 691 3389 746 90.

2173 871 2426 927 ZONAh.
2460 860 2575 927 Hac
2604 872 2669 927 de
2696 887 2754 926 re
2774 851 3239 942 Nicaeum-quoque
3262 857 3451 944 prima:
3480 870 3677 942 synodi

2101 980 2282 1021 canon
2311 966 2555 1020 decimus
2607 971 2833 1030 sextus,
2872 973 2928 1019 et
2985 974 3155 1020 sexta:
3206 965 3395 1034 synodi
3434 964 3680 1020 decimus

2097 1058 2381 1128 septimus,
2406 1067 2462 1115 et
2487 1056 2932 1128 Carthaginensis
2953 1056 3434 1126 quinquagesimus
3450 1065 3678 1127 quartus

2097 1160 2153 1207 et
2184 1151 2563 1221 nonagesimus
2584 1148 2893 1206 disserunt.
2923 1148 3026 1216 Qui
3049 1149 3272 1219 quidem
3305 1163 3336 1203 a
3358 1162 3678 1218 quocunque
3711 1167 3721 1175 -

2097 1245 2351 1315 episcopo
2372 1244 2595 1300 alterius
2615 1244 2851 1315 episcopi
2893 1242 3154 1298 clericum
3202 1240 3463 1307 admitti,
3512 1250 3680 1310 atque

2100 1340 2169 1394 ab
2191 1353 2255 1395 eo
2280 1339 2348 1393 ad
2379 1338 2628 1394 altiorem
2653 1337 2863 1393 ordinis
2881 1337 3106 1406 gradum
3139 1332 3447 1405 promoveri
3467 1340 3677 1386 vetant.

2098 1432 2178 1487 Ac
2202 1431 2246 1487 si
2275 1432 2419 1501 quis,
2455 1430 2565 1485 nisi
2597 1430 2758 1499 primi
2785 1427 3050 1499 episcopi,
3076 1426 3235 1496 cujus
3260 1439 3293 1480 e
3328 1424 3535 1480 ditione
3562 1422 3679 1479 cle-

2099 1523 2246 1579 ricus
2271 1528 2374 1589 est,
2416 1520 2676 1576 facultate
2706 1518 3079 1574 intercedente
3109 1555 3125 1581 ,
3158 1522 3442 1586 promotus
3471 1511 3637 1567 fuerit
3659 1547 3676 1574 .

2099 1613 2441 1669 collationem
2486 1612 2605 1683 ejus
2650 1610 2862 1667 ordinis
2908 1608 3121 1663 irritam
3176 1620 3302 1662 esse
3358 1605 3679 1661 decernunt.

2099 1706 2201 1773 Qui
2232 1720 2364 1761 vero
2386 1705 2487 1760 sibi
2518 1703 2625 1759 hoc
2652 1701 3038 1773 permiserint,
3063 1707 3122 1753 ut
3152 1697 3237 1752 vel
3284 1696 3523 1752 alienum
3566 1694 3682 1749 cle-

2094 1798 2266 1853 ricum
2299 1796 2405 1852 sibi
2435 1795 2737 1861 vindicent,
2770 1792 2855 1847 vel
2880 1792 3055 1846 eidem
3097 1788 3495 1844 ecclesiasticos
3531 1783 3682 1841 ordi-
3710 1814 3713 1815 ν

2095 1904 2193 1946 nes
2226 1889 2509 1944 conferant
2533 1926 2550 1953 ,
2582 1902 2644 1942 ea
2671 1888 2738 1941 de
2768 1900 2829 1940 re
2858 1898 2890 1939 a
2930 1880 3193 1938 fratribus
3243 1888 3298 1936 et
3345 1876 3680 1948 coepiscopis

2096 1980 2375 2038 admoneri
2402 1991 2457 2035 et
2484 1978 2681 2047 corrigi
2717 1976 2932 2032 debent.
2967 1974 3147 2031 Sexta:
3169 1986 3302 2027 vero
3324 1969 3539 2042 synodi,
3556 1982 3681 2038 qua).

2096 2075 2199 2130 liae
2228 2074 2496 2144 posterior
2524 2070 2646 2138 fuit,
2688 2069 2933 2125 decimus
2966 2066 3228 2137 septimus
3258 2079 3455 2131 canon,
3491 2063 3583 2130 qui
3609 2075 3679 2114 ex

2095 2181 2161 2223 eo
2188 2176 2428 2237 tempore
2453 2165 2660 2232 absque
2695 2160 2935 2232 episcopi
2968 2160 3053 2215 sui
3106 2157 3366 2214 facultate
3416 2156 3469 2211 in
3515 2154 3676 2209 aliam

2096 2259 2383 2315 ecclesiam
2439 2254 2799 2320 transierint,
2871 2251 3072 2321 quique
3138 2256 3399 2319 praeterea
3456 2243 3679 2301 eosdem

2098 2349 2422 2420 receperint,
2459 2345 2835 2417 segregatione
2884 2341 3196 2398 multandos
3249 2353 3370 2395 esse
3407 2334 3675 2392 decernit.

2098 2440 2329 2500 ARIST.
2370 2457 2390 2493 ι
2427 2439 2674 2515 Alienum
2699 2436 3012 2492 ministrum
3034 2473 3050 2499 ,
3085 2433 3131 2488 si
3167 2430 3375 2487 alienus
3422 2428 3559 2484 citra
3614 2425 3681 2480 il-

2180 2556 2199 2589 ι
2235 2536 2343 2590 lius
2375 2531 2615 2604 episcopi
2643 2542 2970 2585 consensum
3023 2526 3076 2581 in
3106 2523 3287 2593 aliquo
3330 2521 3500 2591 gradu
3549 2530 3682 2573 cono

2180 2646 2199 2680 ι
2239 2628 2449 2688 stituat,
2479 2621 2760 2679 constituit
2784 2619 3028 2690 quidem,
3059 2618 3155 2673 sed
3178 2612 3453 2671 ordinatio
3481 2618 3566 2667 est
3599 2610 3683 2664 in-

2182 2739 2203 2773 s
2240 2719 2437 2774 valida.
2481 2732 2501 2768 ι

2172 2812 2289 2869 Νοη
2316 2816 2532 2881 oportet
2569 2807 2885 2877 episcopum
2933 2804 3171 2861 alienum
3224 2799 3482 2856 clericum
3538 2794 3685 2851 reci.

2107 2922 2257 2979 pere,
2290 2898 2345 2961 e't
2372 2905 2429 2960 in
2465 2904 2647 2972 aliquo
2674 2901 2845 2971 gradu
2878 2913 3002 2954 eum
3058 2895 3352 2957 collocare,
3397 2893 3513 2946 sine
3555 2903 3685 2958 pro-

2102 2998 2204 3071 prii
2231 2996 2471 3069 episcopi
2503 2994 2802 3050 voluntate.
2836 2990 2893 3045 Si
2933 2989 3054 3060 quis
3081 2994 3260 3042 autem
3312 2984 3417 3039 hoc
3450 2979 3638 3037 fecerit
3660 3000 3712 3046 ,-

2104 3105 2161 3151 et
2188 3091 2422 3147 alienum
2448 3088 2502 3144 in
2537 3101 2633 3143 sua
2657 3082 2900 3141 Ecclesia
2927 3077 3291 3144 constituerit,
3319 3075 3476 3131 irrita
3507 3081 3563 3130 et
3594 3072 3680 3128 ine

2101 3187 2256 3244 ﬁrma
2294 3184 2398 3241 erit
2426 3176 2734 3237 istiusmodi
2762 3172 3110 3233 constitutio.

2580 3358 2742 3432 ξοδ
2763 3354 2992 3415 CANON
3029 3354 3169 3410 XVI.

2104 3475 2123 3513 ι
2165 3457 2355 3514 Aetius
2386 3455 2675 3526 episc0pus
2703 3452 2843 3508 dixit
2876 3468 2890 3505 :
2928 3450 3047 3506 Non
3085 3445 3350 3517 ignoratis
3378 3441 3682 3519 cuiusmodi

2172 3569 2192 3603 ι
2233 3560 2287 3606 et
2320 3559 2522 3621 quanta
2582 3547 2653 3603 sit
2708 3540 3281 3600 Thessalonicensium
3338 3535 3680 3607 metropolis.

2182 3662 2200 3695 ι
2240 3644 2397 3712 διερε
2425 3641 2610 3710 itaque
2639 3638 2707 3693 ad
2747 3651 2868 3692 eam
2892 3651 2959 3690 ex
2985 3633 3105 3687 aliis
3132 3628 3427 3702 provinciis
3459 3628 3685 3700 presby-

2178 3752 2199 3790 ι
2235 3736 2336 3792 teri
2366 3742 2421 3789 et
2454 3730 2667 3791 diaconi
2707 3729 3007 3792 accedunt;
3062 3731 3119 3781 et
3172 3722 3353 3777 brevis
3420 3717 3682 3787 temporis

2171 3845 2191 3880 ι
2235 3838 2383 3881 mora
2418 3837 2525 3878 non
2556 3819 2834 3882 contenti,
2873 3821 3215 3886 permanent,
3251 3817 3306 3865 et
3332 3822 3494 3865 omne
3542 3813 3683 3862 tem-

2177 3937 2197 3972 ι
2234 3934 2337 3991 pus
2366 3916 2476 3973 illic
2509 3921 2733 3985 agentes
2762 3910 3113 3979 transigunt;
3173 3904 3258 3959 vel
3318 3903 3408 3957 vix
3463 3900 3681 3956 tandem

2180 4033 2198 4068 ι
2239 4021 2363 4086 post
2384 4010 2678 4083 plurimum
2705 4016 2916 4076 tempus
2939 4004 2992 4058 in
3017 4015 3144 4056 suas
3184 3996 3449 4055 ecclesias
3480 3993 3681 4049 reverti

2175 4122 2194 4161 ι
2234 4083 2521 4177 coguntur.
2555 4100 2633 4157 De
2674 4098 2741 4154 iis
2797 4109 2928 4167 ergo
2974 4090 3343 4149 deﬁniendum
3381 4097 3485 4144 est;
3516 4083 3683 4140 Osius

2174 4218 2193 4253 ι
2234 4197 2521 4270 cpiscopus
2555 4191 2690 4247 dixit
2719 4205 2736 4245 :
2773 4188 2849 4243 Ea
2876 4188 3119 4252 decreta,
3150 4197 3270 4255 quae
3299 4179 3386 4270 de,
3411 4178 3682 4270 episcOpis

2172 4303 2191 4345 ι
2226 4267 2522 4346 constituta
2553 4288 2703 4350 sunt,
2727 4287 3014 4336 serventur
3058 4274 3223 4331 etiam
3269 4271 3324 4327 in
3375 4267 3682 4340 huiusmodi

2173 4400 2192 4434 ι
2228 4375 2502 4450 personis.
2543 4390 2563 4425 ι

2170 4554 2367 4618 BALS.
2406 4552 2504 4608 Hic
2532 4565 2747 4623 quoque
2773 4561 2947 4605 canon
2978 4547 3044 4602 de
3075 4542 3311 4611 clericis,
3336 4539 3429 4611 qui
3465 4553 3497 4593 a
3550 4537 3683 4592 civi-

2104 4657 2215 4704 tate
2267 4648 2320 4702 in
2362 4646 2521 4701 aliam
2549 4642 2824 4698 civitatem
2882 4645 3187 4705 transeunt,
3241 4633 3502 4703 loquitur.
3549 4627 3686 4684 Vide

2103 4757 2222 4815 quae
2249 4744 2316 4798 de
2347 4754 2413 4796 eo
2442 4738 2642 4807 scripta
2677 4744 2806 4791 sunt
2831 4735 2884 4788 in
2911 4729 3143 4786 diversis
3175 4725 3496 4783 canonibus.

2175 4915 2428 4974 ZONAR.
2463 4913 2564 4970 llic
2590 4924 2811 4984 quoque
2841 4923 3018 4966 canon
3056 4908 3127 4964 de
3155 4904 3368 4962 clericis
3402 4917 3469 4959 ex
3491 4901 3597 4956 alia
3627 4900 3679 4956 in

425 4997 601 5071 μένων
641 4993 922 5068 κληρικῶν
954 4993 1064 5047 ἀπὸ
1109 4992 1319 5056 πόλεως
1352 4994 1434 5054 εἰς
1471 4990 1627 5045 πόλιν
1653 4992 1849 5063 ἑτέραν
1879 4990 1997 5046 δια-

2107 5012 2268 5068 aliam
2295 5010 2483 5065 urbem
2544 5003 2911 5077 migrantibus
2961 5000 3239 5072 loquitur;
3290 5009 3520 5068 quaeque
3570 4993 3682 5064 jam

420 5090 660 5162 γορεύει,
693 5091 790 5146 καὶ
809 5091 877 5145 τὰ
906 5086 1008 5161 ἤδη
1042 5090 1170 5161 περὶ
1189 5088 1367 5143 αὐτῶν
1396 5088 1681 5160 ὡρισμένα
1709 5087 1996 5159 τηρεῖσθαι

420 5177 816 5240 διακελεύεται.

2107 5114 2233 5164 ante
2257 5105 2326 5161 de
2353 5105 2419 5161 iis
2453 5101 2755 5160 constituta
2790 5104 2918 5155 sunt
2948 5094 3156 5154 servari
3180 5092 3352 5162 jubet.

1650 5325 1846 5390 Guill.
1880 5327 2219 5413 Beveregii
2256 5334 2446 5392 nota».

498 5475 610 5601 $80)
655 5475 769 5559 Τῆς
791 5475 861 5532 ἐν
880 5472 1228 5560 Καρθαγένῃ
1254 5476 1342 5532 γε’
1373 5478 1469 5534 καὶ
1515 5480 1589 5563 ιτς.
1614 5478 1762 5563 Loco
1798 5478 1997 5537 horum

498 5562 770 5601 isamoms
810 5551 1102 5601 verborum
1132 5564 1185 5601 In
1234 5563 1340 5601 ms.
1377 5548 1715 5601 )Elomensn.
1764 5551 1878 5601 haec
1910 5555 1992 5601 le-

429 5545 770 5602 Balsamonis
810 5545 1102 5603 verberum
1132 5545 1340 5604 in"ms.
1377 5545 1716 5615 jEton'iensi,
1764 5551 1878 5605 haec
1910 5555 1992 5605 le-

1309 5687 1321 5709 1

428 5688 614 5759 κηδόνι
645 5689 846 5741 κανόνα
877 5688 1102 5759 δέκατον
1147 5688 1243 5743 καὶ
1273 5706 1309 5742 κ

428 5626 652 5689 guntur,
692 5617 803 5687 Τῆς
833 5619 892 5670 ἐν
933 5618 1235 5689 Ἀντιοχείᾳ
1268 5622 1470 5673 κανόνα
1501 5618 1606 5744 κὲκ
1634 5621 1736 5690 τῆς
1777 5622 1836 5674 ἐν
1863 5622 2007 5675 Χαλ-

428 5688 614 5744 κηδόνι
645 5689 846 5741 κανόνα
877 5688 1102 5741 δέκατον
1147 5692 1243 5743 καὶ
1273 5687 1344 5742 κ’·
1368 5690 1527 5744 ἐνταῦ
1566 5708 1601 5744 α
1626 5691 1826 5744 κανόνα
1858 5691 2007 5744 ποῶ-

1331 5706 1344 5719 °
1368 5691 1601 5762 ἐνταῦθα
1626 5691 1826 5762 κανόνα
1858 5691 2010 5762 πρῶ-

2108 5487 2157 5550 ιιι
2188 5480 2389 5536 κανόνα
2426 5478 2489 5543 ιζ’
2541 5476 2645 5550 καὶ,
2691 5477 2764 5531 κ’.
2805 5471 3008 5550 Synodi
3047 5464 3386 5550 {fulica/teme
3433 5474 3684 5516 canonem

2108 5536 2202 5606 9'2.
2232 5536 2675 5607 Chalcedonensis
2718 5536 2946 5600 cani“)
2972 5551 3021 5597 et
3048 5541 3142 5595 20.
3197 5536 3373 5606 Hujus
3408 5549 3527 5604 syn.
3561 5548 3685 5588 can.

2116 5624 2175 5686 ι,
2203 5623 2239 5676 2
2263 5631 2312 5675 et
2346 5622 2433 5677 15.
2484 5618 2687 5688 Synodi
2712 5613 3148 5688 Cartltaqinensis
3187 5609 3326 5688 Siet
3350 5608 3421 5661 90
3451 5614 3500 5657 et
3524 5614 3688 5685 sexta;

2117 5674 2307 5762 ἓῄτῶιίί
2342 5674 2603 5762 canone}:
2635 5688 2701 5743 17
2727 5698 2772 5741 et
2798 5684 2891 5739 ‘20.
2918 5674 3181 5762 Sed_lime
3226 5674 3687 5762 Iialsamonimon

418 5748 538 5830 τον,
567 5754 635 5829 β’,
666 5764 728 5812 ιε’
763 5758 1016 5812 συνόδουο
1048 5760 1413 5832 Καρθαγένης
1460 5761 1533 5814 νδ⁸
1578 5765 1671 5817 καὶ
1717 5759 1766 5828 ις’
1793 5748 1997 5817 συνόδοι

2120 5748 2484 5819 εἷίεοτίῢοηᾱα
2514 5749 2673 5815 sunt-
2712 5771 2889 5828 neque
2923 5755 2976 5810 in
3006 5754 3113 5808 alio
3141 5748 3333 5806 codice
3359 5751 3600 5801 exstant.

745 5850 1012 5918 PATROL.
1053 5853 1167 5915 Gtt.
1207 5846 1554 5919 CXXXVII.

3248 5841 3318 5902 47
