2026 3200
219 160 288 193 H83

851 151 989 183 THEOD.
1011 150 1214 183 BALSAMON

1781 142 1858 175 1488.

248 211 364 241 ARIST.
377 221 387 239 ι
401 211 466 245 Quae
480 209 515 239 de
529 207 644 245 longiori
659 207 848 243 episcoporum
861 212 938 233 mora
951 205 1001 233 de-

1069 204 1164 232 ιΡΙΣΤ.
1183 213 1194 230 ‹
1222 204 1254 231 οι
1283 203 1331 231 ἐπὶ
1348 204 1399 239 τῆς
1422 202 1479 230 τῶν
1499 201 1657 230 ἐπισκόπων
1681 200 1859 236 βραδύτητας

205 254 211 259 ’
252 270 261 287 ι
280 259 354 288 ﬁnita
369 263 441 290 sunt,
458 257 490 285 de
516 254 684 292 presbyteris
713 253 795 282 etiam
822 259 856 280 ac
882 251 1004 279 dissonis

251 314 260 332 t
279 305 333 333 vim
349 303 460 332 habent.
482 310 492 328 ι
751 309 753 311 >

248 351 391 379 Decretum
407 352 448 376 est
464 346 619 386 episcopum
640 351 720 373 suum
745 351 853 380 gregem
877 350 930 372 non
957 343 1006 370 de-

213 403 314 428 serere,
329 399 357 423 et
373 394 399 421 in
417 393 504 420 aliena
516 392 628 420 civitate
643 391 787 425 plusquam
804 394 862 418 tres
876 389 1006 425 septima-

213 449 262 470 nas
278 447 366 476 agere.
378 439 453 467 idem
469 439 560 474 itaque
577 440 605 464 et
615 437 648 464 de
662 435 829 472 presbyteris
841 440 869 463 et
879 433 1006 463 diaconis

215 493 334 523 praesens
346 492 434 513 canon
450 484 591 516 decernit;
609 486 636 511 et
649 489 699 509 eos
713 480 841 508 nimirum
863 479 1006 515 plusquam

215 539 270 561 tres
289 532 454 568 septimanas
481 530 611 558 ecclesias
635 535 698 556 suas
725 534 780 555 non
809 526 1006 561 derelinquere.

508 616 621 645 CANON
636 615 719 643 XVII.

218 678 226 693 ι
247 668 302 695 lloe
316 672 422 701 quoque
434 664 545 699 placuit,
562 668 590 689 ut
606 663 627 689 si
639 663 700 697 quis
714 662 857 696 episcopus
873 660 927 686 vim
939 667 1004 693 pas-

253 723 263 739 r
282 721 328 740 sus
344 712 442 745 injuste
457 710 561 744 ejectus
575 710 619 741 sit,
639 709 680 736 vel
706 712 816 743 propter
841 706 982 733 scientiam
995 723 1004 737 ,

253 769 261 785 ι
281 759 322 786 Vel
339 761 449 793 propter
459 756 599 783 catholicae
621 754 750 782 Ecclesia:
781 752 980 781 cenfessionem
997 771 1004 783 ,

254 814 263 830 ι
280 804 321 831 vel
338 806 448 837 propter
470 801 591 828 veritatis
620 800 803 827 defensionem
818 817 826 830 ,
855 802 882 825 et
905 797 1010 832 fugiens

254 859 263 876 ι
286 849 446 885 periculum,
462 847 593 874 innocens
614 851 642 873 et
669 844 853 873 exsecratioui
873 844 1010 879 subjectus

255 905 264 922 ι
282 896 308 922 in
325 895 406 922 aliam
427 892 521 920 urbem
545 893 672 924 venerit,
698 899 732 919 ne
754 891 929 926 prohibeatur
951 889 1007 916 illic

256 950 265 967 ι
282 940 373 968 tandiu
387 947 476 974 agere,
493 939 578 966 donec
596 941 761 968 revertatur,
778 936 819 963 vel
833 944 847 962 a
865 935 937 962 facta
954 935 1004 962 sibi

254 986 378 1019 «injuria
404 984 490 1019 possit
516 983 703 1010 liberationem
731 982 875 1010 invenire.
906 981 1007 1007 Durum

255 1042 264 1058 ‹
283 1032 354 1059 enim
369 1035 427 1063 est,
446 1034 528 1064 atque
543 1029 610 1055 adeo
628 1028 819 1063 gravissimum
835 1047 843 1060 ,
861 1034 922 1053 eum
938 1047 945 1059 ,
961 1026 1007 1060 qui

256 1087 265 1104 t
281 1077 407 1112 injustam
432 1075 592 1110 ejectionem
607 1081 703 1108 passus
719 1078 779 1107 est,
809 1080 824 1099 a
849 1072 926 1100 nobis
952 1079 1005 1099 non

255 1134 265 1151 ι
282 1123 393 1158 suscipi.
409 1123 433 1151 ls
444 1123 515 1150 enim
531 1123 609 1150 debet
638 1129 652 1148 a
678 1121 757 1148 ttobis
785 1120 902 1155 plurima
933 1119 1009 1147 beni-

255 1179 265 1195 l
285 1169 387 1203 gnitatc
400 1173 428 1196 et
447 1168 614 1195 humanitate
630 1166 730 1200 excipi.
750 1175 758 1191 ι

253 1214 351 1243 BALS.
379 1213 446 1240 Cum
471 1213 579 1248 plurimi
604 1219 723 1239 canones
754 1216 876 1251 statuant
896 1212 1007 1239 nonde-

219 1262 283 1288 bero
309 1261 465 1296 episcopum
491 1260 517 1286 in
546 1259 633 1286 aliena
658 1251 766 1293 regione
793 1258 863 1285 ultra
895 1263 1003 1293 tempus

219 1306 382 1341 pratllnitum
396 1305 498 1333 versari
512 1325 519 1337 ,
538 1312 612 1332 nunc
638 1305 730 1331 dicunt
751 1303 845 1330 Patres
866 1304 915 1330 hoc
949 1311 1003 1330 non

220 1352 322 1378 habere
338 1352 425 1378 locum
446 1351 472 1377 iu
490 1350 624 1384 episcopis
638 1357 671 1376 ex
692 1349 817 1376 ecclesiis
832 1349 888 1375 suis
900 1348 1007 1382 ejectis,

220 1396 261 1422 vel
278 1400 388 1430 propter
406 1395 597 1427 scicntiam,id
614 1398 666 1426 est,
682 1394 836 1421 divinorum
851 1394 1006 1429 dogmatum

220 1442 318 1468 bonam
335 1440 495 1472 doctrinam,
510 1440 550 1467 vel
560 1440 631 1474 quod
648 1440 826 1467 orthodoxam
846 1439 925 1467 fidem
943 1448 1009 1467 con-

220 1488 358 1519 ﬁteantur,
386 1487 427 1515 vel
448 1486 519 1521 quod
533 1493 579 1513 eos
596 1486 743 1513 deferidant
757 1506 764 1519 ,
783 1486 828 1520 qni
857 1485 955 1519 injuria
971 1485 1012 1513 af-

219 1533 281 1560 fecti
299 1537 382 1566 sunt;
401 1536 428 1560 et
454 1532 514 1559 ideo
536 1537 646 1567 propter
672 1539 798 1565 magnam
822 1539 931 1559 causam
947 1551 954 1564 ,
980 1537 1007 1558 et

222 1586 349 1614 tauquam
366 1579 516 1614 periculum
531 1578 680 1612 fugientes,
702 1582 731 1604 ut
744 1577 788 1612 qui
801 1577 834 1604 ab
848 1578 887 1604 eis
899 1597 907 1610 ,
926 1585 940 1603 ιι
954 1577 1013 1612 qui-

221 1627 272 1654 bus
290 1625 395 1659 expulsi
409 1629 484 1656 sunt,
496 1631 545 1658 pro
556 1623 704 1650 exsecratis
718 1623 880 1654 habeantur,
897 1623 951 1649 sint
967 1630 1014 1648 att-

222 1675 276 1697 tem
292 1677 384 1697 revera
395 1670 516 1696 insontes
531 1677 538 1695 :
555 1668 601 1695 sed
617 1668 673 1695 sint
687 1668 714 1695 in
739 1667 800 1694 aliis
817 1675 924 1702 quoque
946 1667 1015 1693 civis

223 1717 324 1743 tatibus
335 1716 394 1743 sine
413 1714 614 1749 impedimento,
631 1714 716 1741 donec
733 1713 814 1740 minae
827 1712 939 1746 periculi
953 1719 1014 1739 ces-

223 1761 320 1792 sarint,
348 1766 376 1786 et
406 1759 526 1794 potuerit
557 1758 701 1792 episcopus
724 1758 750 1784 iu
775 1757 919 1785 ecclesiam
949 1764 1010 1791 quae

223 1806 297 1833 illum
309 1806 402 1833 sortita
419 1809 472 1836 est,
488 1803 607 1836 reverti,
622 1803 662 1830 vel
686 1803 709 1830 ei
735 1803 806 1830 facta
833 1803 860 1830 in
883 1802 1015 1837 ejectione

226 1850 323 1886 injuria
337 1850 476 1878 vindicata
491 1849 581 1877 fuerit.
597 1849 697 1876 Durqu
721 1853 762 1876 est
785 1848 856 1875 enim
877 1852 904 1875 et
935 1848 1014 1874 inhu-

224 1904 345 1929 manum,
362 1904 422 1924 eum
438 1902 490 1923 non
510 1902 570 1922 cum
584 1894 657 1922 outui
684 1894 852 1928 benignitate
880 1900 894 1920 a
925 1892 1015 1920 fratri-

223 1944 274 1970 bus
287 1943 343 1970 suis
358 1941 455 1976 excipi.
470 1940 560 1973 Quare
574 1944 648 1972 uota,
661 1939 734 1974 quod
751 1940 785 1966 ab
799 1939 906 1966 urbium
924 1939 1015 1973 rt‘giua

223 1989 321 2023 expelli
337 1995 391 2014 non
420 1986 519 2013 debent
543 1985 694 2012 Orientales
724 1985 842 2020 episcopi
866 1984 911 2018 qui
940 1984 1017 2011 sedes

224 2041 278 2061 non
294 2033 404 2065 habent.
424 2039 521 2067 nempe
539 2039 600 2058 cum
617 2030 740 2058 ecclesiae
764 2038 778 2056 a
794 2029 921 2064 gentibus
946 2028 1017 2056 deti-

225 2085 342 2107 neantur
361 2083 412 2107 :et
427 2078 475 2113 qui
497 2078 531 2106 ab
556 2077 657 2111 iniquis
676 2075 850 2103 exactoribus
874 2074 1016 2109 expellun-

225 2130 278 2158 tur,
293 2133 325 2153 eo
340 2125 410 2160 quod
424 2132 472 2160 pro
487 2124 529 2151 eis
542 2123 643 2156 dicant,
660 2121 705 2157 qui
726 2121 824 2155 injuria
852 2120 1015 2148 adiciuntur.

264 2257 387 2287 ZONAR.
408 2258 475 2285 Cum
490 2257 625 2291 episcopis
651 2256 677 2283 in
703 2255 783 2283 aliam
806 2256 900 2283 urbem
928 2254 1017 2291 profe~

225 2304 287 2338 clis,
306 2304 332 2332 in
348 2310 401 2338 qua
415 2302 483 2330 alter
499 2302 641 2337 episcopus
658 2301 705 2334 sit,
720 2301 789 2329 ultra
804 2305 859 2330 tres
872 2301 1019 2329 hebdoma-

226 2352 274 2377 tlns
298 2351 324 2378 iu
348 2356 380 2376 ea
406 2348 568 2377 commorari
593 2347 704 2374 vetitum
734 2354 795 2375 esse
822 2345 902 2380 hujus
922 2344 1018 2381 synodi

228 2397 322 2423 Patres
340 2395 366 2422 in
382 2394 567 2429 superioribus
582 2391 837 2425 definiverint;boe
867 2391 926 2418 loco
949 2398 1018 2418 nou-

227 2442 309 2470 nullis
320 2441 517 2469 diuturniorem
537 2440 564 2467 in
581 2439 668 2468 aliena
692 2438 804 2467 civitate
831 2444 937 2464 moram
963 2441 1018 2465 tra-

229 2488 310 2515 hendi
325 2486 480 2515 facultatem
496 2493 557 2514 esse
571 2485 731 2515 decernunt.
760 2482 840 2518 505
866 2481 935 2509 Sunt
954 2489 1018 2511 vero

226 2533 257 2563 ii,
271 2532 315 2566 qui
334 2539 381 2566 per
393 2531 521 2566 injuriam
534 2531 569 2557 ab
582 2528 706 2558 ecclesiis
726 2527 785 2555 suis
809 2525 911 2561 depulsi
936 2529 1017 2558 sunt;

227 2578 285 2605 sive
297 2585 390 2605 casum
409 2578 481 2603 hunc
497 2575 550 2603 illis
565 2573 679 2602 scientia
699 2571 868 2605 conciliarit,
891 2570 952 2607 quia
975 2571 1018 2598 ni-

226 2624 337 2657 mirum,
358 2628 484 2657 tanquam
525 2620 587 2647 fidei
612 2619 735 2654 dogmata
760 2618 866 2653 egregie
889 2617 1017 2645 callereut

226 2675 390 2705 operamque
402 2667 497 2695 iisdem
517 2665 654 2693 tradendis
677 2664 873 2699 impenderent,
904 2663 1013 2690 haereti-

226 2722 319 2742 corum
332 2712 534 2748 conspiratione
554 2710 634 2745 ejecti
662 2709 762 2737 fuerint
784 2708 884 2743 :cujus
911 2708 1018 2743 generis

227 2760 311 2787 multa
337 2757 547 2794 imperatoribus
577 2755 736 2784 Constantio
765 2759 793 2783 et
827 2753 941 2781 Valente
983 2754 1017 2781 ab

226 2804 336 2832 Arianis
352 2808 456 2840 patrata
474 2807 555 2837 sunt;
582 2802 640 2829 sive
663 2801 697 2829 ob
723 2799 853 2828 Ecclesiae
877 2798 1017 2828 catholicae

227 2849 443 2882 confessiunem,
465 2849 527 2884 quia
553 2848 658 2876 scilicet
683 2853 851 2882 quacunque
876 2844 1012 2873 catholica

224 2894 350 2923 Ecclesia
372 2895 464 2930 tradit,
475 2894 507 2923 de
523 2893 717 2924 incarnationis
731 2892 854 2921 videlicet
874 2889 1012 2926 mysterio,

1093 259 1102 277 ι
1122 251 1180 286 δροι
1194 250 1242 277 καὶ
1257 251 1304 277 ἐπὶ
1319 249 1517 286 πρεσϐυτέρων
1532 248 1580 276 καὶ
1608 247 1742 276 διακόνιον
1754 247 1859 283 ἔχουσι

1093 306 1103 323 ι
1123 296 1247 332 δύναμιν.
1262 305 1273 323 ι

1090 343 1218 379 Ὦριαται
1232 343 1279 371 σὺν
1297 342 1449 370 ἐπίσκοπον
1472 342 1510 378 μὴ
1533 342 1583 376 τὴν
1598 340 1705 368 οἰκείαν
1729 339 1859 375 ποίμνην

1055 389 1286 425 καταλιμπάνειν,
1307 389 1354 417 καὶ
1367 389 1396 416 ἐν
1412 388 1495 424 ἑτέρᾳ
1513 389 1590 415 πόλει
1603 387 1685 414 πλέον
1700 385 1787 421 τριῶν
1803 385 1859 412 ἑϐ-

1056 434 1182 470 δομάδων
1195 435 1387 471 ἐνδιατρίϐειν.
1404 435 1492 462 Τοῦτο
1501 435 1568 470 γοῦν
1582 433 1629 461 καὶ
1647 433 1695 460 ἐπὶ
1726 432 1859 468 πρεσϐυ-

1057 480 1145 515 τέρων
1160 481 1208 508 καὶ
1225 481 1359 510 διακόνων
1371 482 1386 509 ό
1402 480 1498 517 παρὼν
1515 480 1602 516 ὁρίζει
1629 478 1733 511 κανὼν,
1756 478 1789 506 τὸ
1815 478 1859 513 μὴ

1059 525 1142 552 πλέον
1157 526 1243 562 τριῶν
1255 527 1413 563 ἑϐδομάδων
1425 527 1474 555 καὶ
1485 527 1585 559 absab”;
1600 524 1651 558 τὰς
1667 525 1774 552 ἑαυτῶν
1805 525 1862 551 ἐκ·

1058 573 1173 607 κλησὶας
1196 574 1449 609 ἀπολιμπάνεσθαι.

1365 619 1484 647 ΚΑΝΩΝ
1505 619 1557 646 IZ’.

1062 690 1070 706 ι
1091 681 1145 707 Καὶ
1157 678 1236 706 τοῦτο
1254 679 1363 714 ἤρεσεν,
1381 677 1434 708 ἴνα,
1452 676 1480 702 εἴ
1495 685 1537 708 τις
1553 675 1703 708 ἐπίσκοπος
1715 675 1777 711 βίαν
1790 675 1862 703 ὕπο-

1094 735 1102 751 ι
1123 725 1216 761 μείνας
1241 724 1341 752 ἀδίκως
1356 722 1475 757 ἐκϐληθῇ
1493 722 1508 756 ἢ
1522 720 1567 748 διὰ
1586 721 1635 756 τὴν
1651 720 1823 757 ἐπιστήμην,
1837 721 1858 758 ἢ

1098 781 1107 797 ι
1126 771 1170 798 διὰ
1180 771 1229 806 τὴν
1243 769 1392 805 ὁμολογίαν
1411 769 1460 802 τῆς
1479 766 1625 801 καθολικῆς
1643 765 1822 802 Ἐκκλησίας,
1838 766 1861 802 ἢ

1098 828 1107 844 ι
1128 818 1172 844 διὰ
1189 818 1238 852 τὴν
1267 816 1316 851 τῆς
1332 814 1462 850 ἀληῦείας
1477 813 1610 846 ἐκδικίαν,
1625 812 1673 840 καὶ
1685 812 1797 846 φεύγων
1809 811 1862 839 etv

1021 880 1045 909 Β
1099 874 1108 890 ι
1127 863 1260 894 κίνδυνον,
1273 861 1359 892 eoeo;
1370 861 1416 887 καὶ
1426 859 1639 894 καοωσιωμένος
1652 857 1690 884 ὣν
1703 858 1744 890 είς
1756 858 1860 894 ἑτέραν

1100 919 1109 936 ι
1132 909 1197 945 ἔλθῃ
1217 909 1306 940 πόλιν,
1326 907 1363 942 μὴ
1374 906 1513 941 κωλύηται
1526 905 1616 933 ἐκεῖσε
1649 905 1696 931 ἐπὶ
1726 903 1861 932 τοσοῦτον

1101 965 1109 980 ι
1129 955 1243 990 διάγειν,
1268 955 1321 986 ἓως
1337 955 1370 980 ἂν
1394 952 1543 988 ἐπανέλθῃ,
1562 951 1579 987 ἥ
1603 951 1651 987 τῆς
1666 951 1774 987 ὕϐρεως
1804 952 1860 988 τῆς

1104 1011 1112 1027 ι
1131 1003 1280 1037 γενομένης
1299 1000 1375 1036 αὐτῷ
1397 1000 1561 1034 ἀπαλλαγὴν
1587 998 1717 1035 εὑρέσθαι
1740 998 1859 1035 δυνηθῇ.

1106 1057 1115 1073 ι
1136 1047 1256 1083 Σκληρὺν
1268 1047 1322 1082 γὰρ
1332 1046 1379 1073 καὶ
1393 1045 1545 1081 βαρύτατον
1560 1044 1672 1071 ἐλασίαν
1680 1044 1774 1072 ἄδικον
1785 1044 1859 1071 ὑπο-

1102 1103 1110 1119 ι
1131 1093 1306 1128 μεμενηκὸτα
1321 1093 1358 1128 μὴ
1372 1091 1553 1126 ὑποδέχεσθαι
1569 1091 1615 1125 ὑφ’
1630 1091 1720 1126 ἡμῶν.
1734 1089 1858 1126 Πλείστῃ

1104 1148 1112 1164 ι
1134 1139 1187 1173 γὰρ
1203 1138 1393 1173 καλοκαγαθίᾳ
1409 1137 1455 1164 καὶ
1472 1137 1658 1172 φιλοφροσύνῃ
1675 1136 1780 1172 ὀφείλει
1801 1145 1861 1165 ’και

1101 1194 1110 1210 t
1130 1185 1310 1221 ραδέχεσθαιό
1322 1184 1450 1216 τοιοῦτος.
1468 1193 1477 1210 t

1098 1232 1197 1258 ΒᾹΛΣ.
1213 1231 1353 1266 Διαφόρων
1371 1230 1491 1258 κανόνων
1511 1228 1707 1265 διοριζομένων
1736 1227 1776 1264 μὴ
1798 1228 1862 1256 διὰ-

1062 1286 1121 1311 γειν
1139 1278 1289 1303 ἐπίσκοπον
1305 1278 1343 1307 εἰς
1359 1277 1456 1311 ἐτέραν
1470 1275 1579 1310 ἐνορίαν
1592 1275 1724 1301 ἐπέκεινα
1746 1273 1795 1303 τοῦ
1811 1283 1861 1302 νε-

1063 1323 1229 1359 νομισμένου
1256 1324 1364 1358 καιροῦ,
1386 1322 1448 1357 ἄρτι
1476 1321 1559 1356 φασὶν
1579 1321 1603 1347 οἱ
1628 1321 1750 1356 Πατέρες
1776 1320 1862 1347 τοῦτο

1064 1370 1102 1405 μὴ
1117 1371 1227 1406 κρατεῖν
1244 1370 1283 1401 είς
1297 1369 1359 1400 τοὺς
1375 1369 1546 1399 ἐπισκόπους
1561 1368 1624 1398 τοὺς
1634 1367 1862 1402 ἐκϐαλλομένους

1062 1416 1115 1442 ἀπὸ
1129 1415 1183 1441 τῶν
1199 1414 1350 1449 ἐκκλησιῶν
1369 1413 1457 1440 αὐτῶν
1469 1432 1477 1445 ,
1496 1412 1512 1448 ἢ
1538 1412 1583 1439 διὰ
1609 1411 1659 1448 τὴν
1687 1412 1862 1448 ἐπιστήμην,

1062 1461 1187 1488 τουτέστι
1204 1461 1252 1495 τὴν
1270 1459 1385 1495 περὶτὰ
1407 1459 1466 1485 θεῖα
1495 1458 1620 1493 δόγματα
1641 1457 1791 1486 σπουδαίαν
1820 1458 1865 1485 δι-

1062 1507 1248 1542 δασκαλίαν,ἢ
1262 1507 1304 1534 διὰ
1319 1507 1348 1533 τὸ
1363 1506 1504 1542 ὁμολογεῖν
1514 1505 1562 1540 τὴν
1586 1504 1728 1540 ὀρθόδοξον
1749 1505 1860 1538 πίστιν,

1026 1556 1049 1587 C
1065 1555 1137 1590 ἢδιὰ
1148 1555 1178 1581 τὸ
1191 1555 1313 1581 ἐκδικεῖν
1331 1552 1395 1583 τοὺς
1419 1551 1613 1587 ἠδικημένους,
1637 1550 1789 1578 κάντεῦθεν
1815 1549 1866 1579 διὰ

1070 1600 1192 1635 μεγάλην
1208 1600 1296 1626 αἰτίαν
1315 1599 1361 1625 καὶ
1375 1598 1412 1629 ὡς
1429 1597 1581 1632 φεύγοντας
1596 1596 1643 1622 τὸν
1659 1595 1799 1628 κίνδυνον,
1814 1594 1865 1635 λο-

1068 1632 1230 1681 γιζομένους
1246 1645 1295 1679 μὲν
1316 1643 1545 1678 καθωσιωμένους
1559 1641 1636 1677 παρὰ
1648 1641 1704 1668 τῶν
1715 1632 1868 1668 ἐκϐαλλόν-

1067 1701 1121 1719 των
1136 1691 1247 1723 αὐτοὺς,
1260 1691 1339 1722 ὂντας
1349 1690 1377 1717 δὲ
1391 1691 1424 1725 τῇ
1439 1689 1554 1725 ἀληθείᾳ
1564 1688 1670 1720 ἀθώους
1681 1695 1689 1703 ’
1706 1687 1764 1715 ἀλλ’
1774 1687 1869 1715 ἔστω-

1069 1747 1118 1765 σαν
1135 1737 1183 1764 καὶ
1213 1737 1253 1769 είς
1274 1736 1372 1771 ἐτέρας
1399 1736 1492 1766 πόλεις
1521 1734 1681 1767 ἀκωλύτως,
1709 1733 1766 1761 ἐστ’
1791 1733 1826 1762 ἂν
1848 1735 1868 1769 ἡ

1069 1784 1169 1820 ἀπειλὴ
1186 1783 1232 1810 τοῦ
1249 1783 1376 1810 κινδύνου
1388 1782 1490 1818 παυθῇ,
1505 1781 1552 1808 καὶ
1563 1780 1666 1816 δυνηθῇ
1677 1781 1691 1808 ὀ
1704 1780 1867 1812 ἐπίσκοπος

1069 1832 1109 1862 εἰς
1124 1830 1173 1865 τὴν
1186 1829 1322 1865 λαχοῦσαν
1342 1829 1422 1856 αὐτὸν
1438 1828 1576 1860 ἀπελθεῖν,
1590 1827 1607 1862 ἢ
1625 1827 1756 1862 ἐκδικηθῇ
1786 1828 1807 1862 ἡ
1831 1829 1869 1854 ἐκ

1069 1877 1118 1912 τῆς
1134 1876 1293 1907 ἀπελάσεως
1306 1875 1487 1910 ἐπιγενομένη
1509 1873 1598 1910 τούτῳ
1622 1873 1712 1910 ὕϐρις.
1735 1873 1868 1909 Σκληρδν

1069 1923 1124 1957 γὰρ
1137 1923 1183 1949 καὶ
1199 1921 1410 1957 ἀφιλάνθρωπόν
1427 1921 1485 1948 ἐστι
1501 1919 1538 1956 μὴ
1551 1918 1775 1955 φιλοφρονεῖσθαι
1789 1919 1868 1954 μετὰ

1070 1969 1160 2004 πάσης
1177 1968 1346 2009 ἀγαθὸτητος
1362 1967 1408 1994 τὸν
1422 1966 1543 1993 τοιοῦτον
1558 1966 1635 2002 παρά
1650 1964 1704 1994 τῶν
1730 1965 1868 1994 συναδέλ-

1070 2023 1128 2049 φων
1144 2013 1237 2041 αὐτοῦ.
1265 2013 1346 2039 Ὥστε
1375 2012 1529 2048 σημείωσαι
1555 2012 1597 2039 ὅτι
1627 2011 1678 2038 οὒκ
1701 2010 1868 2046 ὀφείλουσιν

1071 2061 1125 2089 ἀπὸ
1141 2060 1190 2095 τῆς
1204 2059 1398 2095 βασιλευούσης
1412 2058 1467 2085 τῶν
1498 2059 1603 2086 πόλεων
1628 2056 1813 2085 ἐκϐάλλεσθαι
1836 2058 1868 2084 οι

1070 2106 1223 2135 ἀνατολικοὶ
1240 2105 1396 2136 ἐπίσκοποι,
1413 2105 1437 2131 oi
1455 2104 1493 2139 μὴ
1508 2104 1617 2139 ἔχοντες
1635 2102 1810 2138 καθίσματα,
1823 2102 1868 2135 ὡς

1070 2153 1125 2179 τῶν
1140 2151 1293 2187 ἐκκλησιῶν
1310 2150 1400 2178 αὐτῶν
1414 2149 1608 2185 κατεχομένων
1635 2148 1713 2184 παρὰ
1736 2148 1793 2175 τῶν
1814 2149 1866 2175 ἐδ-

1070 2198 1141 2226 νῶνσ
1155 2199 1202 2225 καὶ
1218 2198 1243 2223 οι
1259 2196 1335 2232 παρὰ
1349 2196 1404 2223 τῶν
1424 2195 1525 2222 ἀδίκων
1542 2195 1706 2230 πρακτόρων
1729 2193 1868 2230 διωκόμε-

1031 2233 1057 2263 D
1070 2253 1120 2277 νοι,
1140 2244 1183 2270 διὰ
1197 2243 1227 2270 τὸ
1241 2243 1332 2277 λέγειν
1345 2243 1416 2277 ὑπὲρ
1435 2241 1489 2269 τῶν
1504 2240 1703 2276 ἀδικουμένων.

1105 2289 1229 2316 ΖΩΝΑΡ.
1251 2288 1392 2324 ’Δνωτέρω
1414 2287 1610 2322 διαταξάμενοι
1634 2286 1660 2313 oi
1679 2285 1729 2321 τῆς
1749 2284 1864 2312 συνόδου

1070 2336 1171 2370 ταύτης
1186 2335 1307 2369 Πατέρες
1325 2335 1387 2365 τοὺς
1406 2333 1540 2363 ἀπιόντας
1555 2332 1725 2365 ἐπισκόπους
1738 2331 1778 2363 είς
1799 2331 1865 2358 ἑτέ-

1071 2390 1121 2417 ραν
1138 2381 1213 2407 πόλιν
1229 2379 1346 2415 ἔχουσαν
1362 2379 1513 2406 ἐπίσκοπον
1531 2377 1568 2413 μὴ
1588 2377 1682 2404 πλέον
1692 2377 1748 2411 τῶν
1775 2376 1863 2412 τριιῖιν

1069 2427 1225 2462 ἑϐδομάδων
1245 2427 1303 2452 ἐκεῖ
1320 2425 1481 2461 διατρίϐειν,
1505 2423 1626 2451 ἐνταῦθα
1649 2431 1708 2450 τισι
1738 2423 1787 2450 καὶ
1811 2423 1863 2449 ἐπὶ

1070 2473 1137 2500 πολὺ
1155 2472 1321 2509 προσμένειν
1348 2469 1550 2506 συγχωροῦσιν.
1576 2466 1658 2497 Οὗτοι
1685 2467 1710 2495 δ’
1737 2468 1809 2494 είσὶν
1835 2467 1862 2494 οι

1069 2519 1168 2551 ἀδίκως
1180 2518 1375 2553 ἐκϐαλλόμενοι
1391 2516 1446 2543 τῶν
1472 2515 1630 2550 ἐκκλησιῶν
1650 2513 1742 2541 αὐτῶν
1768 2512 1786 2549 ἦ
1815 2512 1862 2540 διὰ

1069 2566 1118 2602 τὴν
1144 2566 1313 2600 ἐπιστήμην,
1340 2563 1425 2599 ἤγουν
1455 2561 1494 2594 ὡς
1520 2561 1701 2596 ἐπιστάμενοι
1733 2559 1783 2594 τὴν
1803 2558 1862 2586 τῶν

1068 2611 1212 2646 δογμάτων
1225 2610 1275 2644 τῆς
1291 2609 1411 2639 πίστεως
1422 2606 1579 2642 ἀκρίϐειαν,
1593 2606 1642 2632 καὶ
1657 2605 1763 2640 ταῦτην
1784 2603 1863 2631 διδά-

1073 2665 1195 2689 σκοντες,
1209 2656 1257 2684 καὶ
1269 2655 1344 2691 παρὰ
1357 2653 1504 2689 αἱρετικῶν
1521 2651 1707 2686 ἐλαυνόμενοι,
1721 2647 1766 2677 οἷα
1779 2649 1863 2684 γετό·

1069 2712 1131 2729 νασι
1152 2704 1228 2737 παρὰ
1238 2701 1292 2728 τῶν
1309 2699 1457 2736 Ἀρειανών
1469 2698 1516 2726 ἐπὶ
1537 2696 1586 2724 τοῦ
1605 2695 1798 2724 Κωνσταντίου
1813 2695 1864 2722 καὶ⁸

1068 2748 1116 2777 τοῦ
1131 2748 1292 2780 Οὐάλεντος,
1307 2746 1324 2783 ἢ
1336 2746 1381 2773 διὰ
1394 2745 1446 2782 τὴν
1457 2743 1607 2781 ὁμολογίαν
1619 2751 1626 2757 ί
1635 2742 1685 2778 τῆς
1709 2740 1864 2776 καθολικῆς

1075 2794 1250 2830 Ἐκκλησίας,
1267 2793 1305 2825 ὡς
1323 2789 1532 2827 ὁμολογοῦντες,
1548 2790 1600 2817 ὅσα
1613 2788 1630 2825 ἡ
1643 2785 1783 2823 “Coludi
1797 2786 1864 2815 Ἐκ-

1069 2842 1180 2876 κλησία,
1203 2841 1289 2875 ἤγουν
1314 2838 1365 2873 τὴν
1385 2837 1521 2872 ενσαρκον
1545 2832 1723 2869 οῑκονομίαν,
1742 2832 1793 2861 καὶ
1816 2831 1864 2876 δτι

1070 2888 1135 2920 Θεὸς
1147 2885 1272 2922 ἀληθινός
1288 2885 1363 2912 ἐστιν
1375 2884 1389 2911 ὁ
1402 2882 1532 2917 Χριστὸς,
1547 2878 1766 2918 καὶ-διωκόμενοι
1774 2875 1865 2905 πάλαι
