4052 6440
274 332 454 397 Ἱίὲὅ

1408 340 1488 399 IN
1516 339 1686 404 CAN.
1722 338 1862 401 XIX
1893 336 2104 399 CONC.
2134 340 2433 406 SARDIC.

3436 353 3572 416 1536

321 445 418 513 μὲν
450 442 602 515 παρά
644 445 757 498 τῶν
794 444 1180 517 παλαιοτέρων
1225 447 1512 518 βασιλέων,
1554 449 1782 522 ὕστερον
1846 451 1903 505 δὲ

2024 453 2181 523 teque
2206 472 2332 512 vera
2360 457 2562 516 Christi
2591 459 2891 524 divinitate,
2921 461 3090 517 teneri
3136 477 3166 518 a
3218 476 3278 520 se
3334 464 3587 520 universa

323 535 414 588 ιιαὶ
448 536 601 606 παρά
629 536 724 591 τοῦ
766 537 1143 609 ’Ῑουλιανοῢ,ἢ
1184 539 1260 603 ὡς
1305 540 1445 612 ὑπὲρ
1482 544 1582 613 τῆς
1638 543 1897 614 ἀληθείας

315 627 589 696 λέγοντες,
628 630 724 681 καὶ
783 628 1161 698 ἀδικουμένων
1211 632 1307 685 καὶ
1356 634 1896 703 καταδυναστευομέ-

317 735 425 770 νων
454 717 928 789 ὑπερμαχοῦντες,
967 714 1056 773 οἷα
1087 718 1163 792 τῷ
1197 722 1419 792 μεγάλῳ
1478 724 1750 796 Βασιλείῳ
1800 743 1899 794 γε-

318 811 509 879 γόνασι
543 813 637 866 καὶ
665 810 743 881 τῷ
773 812 1166 884 Χρυσοστόμῳ,
1194 817 1288 868 καὶ
1318 815 1501 879 ἀλλοις
1522 819 1758 882 πολλοῖς.
1793 820 1899 874 Τὸν

320 904 451 972 γοῦν
481 904 622 959 οὕτω
658 905 987 973 διωκόμενον
1020 907 1085 960 ἐκ
1113 908 1213 977 τῆς
1254 908 1553 979 ἐκκλησίας
1583 912 1750 966 αὐτοῦ
1781 914 1899 967 ἀδί-

321 1014 433 1058 κως
459 997 674 1064 ἀνάγκη
706 998 788 1059 είς
812 997 1005 1069 ἑτέραν
1044 998 1204 1052 πόλιν
1236 999 1463 1055 ἀπιέναι
1505 1002 1777 1071 φεύγοντα
1809 1004 1900 1058 τὸν

320 1087 585 1154 κίνδυνον,
615 1087 790 1139 ἀθῶον
836 1088 935 1157 μὲν
983 1090 1116 1143 ὄντα
1178 1091 1323 1144 κατά
1356 1092 1418 1145 τὸ
1483 1093 1642 1158 εὐθές
1703 1111 1764 1147 τε
1802 1095 1902 1148 καὶ

319 1180 549 1240 δίκαιον,
579 1180 1002 1251 καθωσιωμένον
1029 1181 1085 1235 δὲ
1113 1182 1204 1237 διὰ
1245 1182 1349 1251 τὴν
1406 1185 1730 1241 δυναστείαν
1788 1187 1903 1241 τῶν

320 1269 625 1323 διωκόντων
673 1271 859 1324 αὐτόν.
916 1271 1357 1342 Καθωσιωμένος
1412 1274 1459 1328 δ’
1512 1276 1660 1329 ἐστὶν
1715 1276 1745 1329 ό
1796 1278 1905 1346 ἀφ-

320 1378 623 1446 ωρισρένος
655 1379 735 1442 είς
770 1378 1009 1434 κόλασιν.
1029 1378 1134 1434 Τὸν
1174 1380 1435 1449 τοιοῦτον,
1456 1384 1623 1453 φησὶν
1647 1383 1676 1435 ὁ
1699 1382 1901 1449 κανὼν,

326 1468 400 1538 μὴ
439 1469 751 1523 κωλύεσθαι
780 1470 1083 1539 διατρίϐειν
1114 1472 1172 1526 ὲν
1199 1473 1366 1545 ἑτέρᾳ
1429 1474 1607 1540 πόλει,
1668 1476 1774 1539 ἕως
1824 1479 1908 1542 είς

322 1561 421 1630 τὴν
452 1561 663 1615 οἰκείαν
695 1563 969 1633 ἐπανέλθῃ
1003 1564 1181 1628 πόλιν,
1213 1564 1306 1621 τὸν
1333 1566 1500 1636 φόϐον
1526 1567 1622 1621 τοῦ
1654 1568 1904 1624 κινδύνου

278 1672 283 1677 ·
325 1654 602 1721 ἐκφυγὼν,
639 1654 672 1726 ἢ
725 1655 823 1725 τῆς
867 1655 1080 1726 ὕϐρεως
1114 1657 1214 1727 τῆς
1251 1658 1542 1729 γενομένης
1566 1659 1713 1730 αὐτῷ
1738 1661 1911 1716 ἀπα).-

324 1747 530 1814 λαγείς.
564 1747 760 1818 Ὕϐριν
790 1747 846 1801 δὲ
888 1742 1046 1817 οἶμαι
1089 1748 1189 1816 τὴν
1236 1750 1502 1805 ἀπέλασιν
1535 1751 1635 1821 τὴν
1689 1753 1755 1805 ὲκ
1812 1754 1908 1807 τοῦ

328 1808 520 1907 θρόνου
553 1808 723 1891 αὑτοῦ
748 1808 1030 1907 όνομάξει.
1066 1808 1311 1909 Σκληρὺν
1342 1843 1472 1911 γὰρ,
1505 1808 1662 1913 φησὶ,
1692 1844 1789 1895 καὶ
1824 1842 1911 1914 βα·
1942 1808 1986 1864 Β

328 1929 580 2000 ρύτατον,
615 1930 709 1983 τὸν
738 1931 938 1991 ἀδίκως
959 1929 1062 1999 τῆς
1097 1931 1310 1994 πόλεως
1355 1931 1522 1986 αὐτοῦ
1567 1933 1913 1990 ἀπελαθέντα

330 2022 407 2090 μὴ
474 2021 832 2092 ὑποδέχεσθαι
880 2022 1031 2092 παρά
1112 2022 1222 2075 τῶν
1294 2026 1713 2080 συνεπισκόπων
1774 2028 1914 2097 μετά

327 2113 533 2183 πολλῆς
565 2112 972 2183 φιλοφροσύνης
1004 2114 1100 2168 καὶ
1131 2115 1491 2186 ἀγαθότητος,
1516 2117 1686 2187 ἥγουν
1714 2119 1917 2190 προθύι

331 2224 446 2275 μως
469 2209 561 2261 καὶ
593 2206 811 2275 ἱλαρῶς.

2003 549 2431 618 proﬁterentur:
2465 562 2571 621 qua
2615 566 2679 607 ex
2731 554 3177 624 causa‘primum
3220 555 3469 625 quaedam
3518 554 3587 609 ab

2004 643 2242 712 antiquis
2276 642 2712 713 imperatoribus,
2770 655 2955 714 postea
2997 660 3026 698 a
3075 645 3294 702 Juliano
3348 648 3591 703 adversae

2006 745 2354 809 tempestates
2376 739 2666 807 exstitere;
2693 739 2806 796 sive
2832 738 2901 794 ob
2924 740 3167 794 veritatis
3195 740 3586 808 patrocinium,

2008 848 2213 904 proque
2242 834 2308 888 iis
2334 830 2422 903 qui
2456 833 2815 903 potentiorum
2854 831 3134 887 dominatu
3179 831 3382 901 injuste
3406 833 3592 901 oppri-

2007 940 2287 981 merentur
2316 934 2620 993 susceptam
2649 924 3050 979 dimicationem
3080 965 3095 989 ,
3121 925 3261 992 quod
3306 925 3359 979 in
3397 940 3594 993 magno

2008 1011 2226 1080 Basilio,
2258 1009 2665 1086 Chrysostomo,
2704 1014 2930 1083 aliisque
2972 1013 3153 1068 multis
3188 1013 3446 1084 contigit,
3474 1013 3597 1068 fue-

2011 1109 2119 1165 rint
2148 1110 2442 1165 exturbati.
2492 1107 2812 1177 Quicunque
2863 1105 3032 1177 igitur
3092 1106 3193 1161 hac
3252 1107 3463 1161 ratione
3523 1104 3595 1159 ab

2012 1202 2240 1259 ecclesia
2269 1216 2365 1257 sua
2398 1216 2494 1272 per
2521 1200 2776 1271 injuriam
2808 1196 3101 1268 depellitur
3135 1239 3149 1263 ,
3186 1196 3241 1252 in
3300 1194 3463 1251 aliam
3501 1211 3598 1250 ur-

2012 1297 2133 1351 bem
2179 1294 2382 1349 vitandi
2435 1292 2661 1364 periculi
2709 1306 2869 1347 causa
2928 1289 3150 1348 secedat
3193 1303 3417 1345 necesse
3466 1296 3595 1354 est;

2013 1386 2267 1441 innoxius
2295 1387 2340 1440 is
2361 1384 2595 1455 quidem,
2625 1383 2670 1438 si
2707 1398 2794 1438 res
2824 1395 2973 1454 aequa
3007 1383 3165 1438 lance
3194 1381 3427 1436 libretnr
3457 1420 3472 1446 ,
3504 1380 3602 1435 sed

2012 1481 2082 1533 ob
2109 1491 2295 1532 eorum
2338 1478 2674 1547 potentiam,
2721 1474 2817 1545 qui
2872 1475 3147 1530 hominem
3220 1474 3598 1537 insectantur,

2018 1569 2375 1626 exsecrationi
2424 1570 2718 1637 subjectus.
2773 1566 3142 1622 Exsecrationi
3200 1574 3383 1621 autem
3424 1563 3605 1633 subje-

2019 1674 2137 1718 ctus
2168 1670 2252 1719 est
2279 1663 2563 1731 quisquam
2593 1660 2859 1730 supplicio
2888 1659 3211 1714 destinatus.
3257 1655 3397 1712 lluie
3437 1657 3605 1728 igitur

2017 1756 2244 1821 homini,
2276 1758 2400 1809 dum
2433 1754 2485 1808 in
2514 1767 2664 1808 suam
2691 1750 2903 1819 urbem,
2929 1751 3133 1807 evitato
3172 1748 3398 1819 periculi
3428 1757 3602 1814 metu,

2015 1861 2111 1905 aut
2142 1846 2448 1919 ignominiaa
2475 1854 2595 1900 nota
2625 1846 2855 1900 liberato
2883 1882 2898 1907 ,
2930 1842 3126 1898 reverti
3180 1842 3341 1897 liceat
3376 1840 3606 1911 (notam

2017 1953 2178 2011 porro
2204 1938 2512 2010 ignomiuize
2536 1978 2550 2003 ,
2586 1937 2727 2006 quod
2765 1950 2793 1990 a
2826 1950 2922 1990 sua
2955 1934 3086 1990 sede
3120 1931 3378 2004 depulsus
3412 1939 3601 1995 esset,

2021 2032 2123 2086 hoc
2156 2030 2274 2086 loco
2298 2029 2489 2098 opinor
2517 2028 2792 2097 intelligi),
2827 2028 2882 2081 in
2954 2026 3129 2082 aliena
3187 2015 3323 2079 urbe
3381 2017 3607 2092 degendi

2024 2122 2331 2178 facultatem
2368 2135 2489 2176 esse
2523 2108 2697 2175 canon
2733 2118 2999 2174 decernit.
3039 2117 3239 2171 Durum
3289 2113 3436 2170 enim
3465 2153 3479 2179 ,
3515 2113 3604 2169 in-

2022 2214 2162 2285 quit,
2191 2223 2245 2269 et
2277 2228 2439 2279 grave
2470 2211 2756 2267 admodum
2790 2210 2971 2275 fuerit,
3002 2210 3047 2265 si
3080 2207 3358 2264 hominem
3420 2221 3449 2261 a
3507 2221 3607 2262 sua

328 2300 546 2355 civitate
577 2302 946 2371 perinjuriam
983 2301 1285 2369 exclusum,
1328 2303 1492 2358 multa
1532 2318 1654 2360 cum
1702 2306 2041 2364 humanitate
2069 2324 2133 2363 ac
2160 2308 2426 2372 bonitate,
2480 2305 2581 2361 hoc
2632 2311 2734 2369 est,
2790 2310 3039 2375 prompto
3086 2299 3362 2370 alacrique
3406 2298 3610 2356 animo.

328 2395 631 2463 COPpiSt'Opi
664 2411 768 2448 non
801 2396 1093 2466 excipiant.

330 2486 558 2541 ΑΡΙΣΤ.
594 2505 613 2538 ι
663 2484 891 2549 Ἀδίκως
953 2488 1255 2552 ἐπίσκοπος
1282 2490 1666 2562 ἐλαυνόμενος,
1715 2496 1764 2547 εἰ
1819 2497 1913 2549 ἐπὶ

416 2595 434 2627 ι
468 2579 567 2646 τῆς
596 2577 887 2649 ἀλλοτρίας
920 2578 1123 2650 διάγοι,
1172 2579 1414 2649 δεκτέος,
1444 2584 1550 2651 ἕως
1600 2587 1699 2658 τὴν
1755 2586 1917 2659 ὕϐριν

408 2688 428 2722 ε
463 2670 895 2727 ἐπανασώσαιτο.
928 2690 947 2723 ι

412 2781 431 2814 ι
469 2763 575 2817 Τὸν
599 2763 768 2832 τῦφον
795 2764 889 2818 καί⁵
918 2765 1018 2835 τὴν
1064 2764 1390 2829 ἀλαζονείαν
1420 2768 1471 2821 οι
1508 2768 1753 2840 Πατέρες
1804 2787 1921 2824 κω-

336 2856 556 2921 λύοντες
587 2856 932 2928 προσέταξαν
966 2857 1042 2928 μὴ
1066 2858 1156 2927 ἐφ’
1181 2857 1370 2913 ίκανδν
1398 2860 1591 2933 καιρὸν
1620 2862 1922 2918 ἐπίσκοπον

338 2949 399 3000 ὲν
424 2947 686 3018 ἀλλοτρίᾳ
715 2949 994 3021 ἐπισκοπῇ
1043 2949 1379 3021 διατρίϐειν·
1439 2953 1489 3005 εί
1526 2952 1583 3005 δέ
1625 2969 1713 3017 τις
1762 2954 1796 3023 ἢ
1834 2954 1924 3007 διά

338 3042 439 3107 τὴν
460 3039 750 3109 ὁμολογίαν
781 3040 881 3110 τῆς
909 3040 1185 3112 ἡμετέρας
1224 3040 1485 3108 πίστεως,
1525 3043 1558 3115 ἢ
1590 3043 1677 3097 διὰ
1700 3044 1799 3116 τὴν
1828 3047 1926 3115 τῆς

341 3131 603 3201 ἀληθείας
629 3131 935 3201 ἐκδίκησιν,
983 3133 1082 3202 τῆς
1142 3131 1279 3196 ίδίας
1329 3131 1542 3194 πόλεως
1606 3133 1923 3207 ἐκϐληθείη,

2017 2492 2245 2552 ARIST.
2292 2512 2311 2545 ι
2347 2491 2641 2560 Episcopus
2685 2487 2881 2555 injuste
2916 2486 3191 2556 expulsus,
3234 2484 3277 2537 si
3330 2484 3384 2538 in
3435 2481 3609 2536 aliena

2100 2610 2119 2643 ι
2154 2585 2431 2658 provincia
2463 2583 2648 2656 degat,
2684 2578 3084 2651 suscipiendus,
3123 2577 3296 2632 donec
3317 2572 3385 2629 ab
3417 2571 3616 2642 injuria

2102 2703 2120 2737 ι
2160 2682 2449 2738 liberetur.
2486 2700 2505 2734 ι

2101 2778 2328 2835 Fastum
2364 2785 2420 2832 et
2450 2771 2867 2830 ostentationem
2924 2763 3274 2839 prohibentes
3301 2761 3490 2818 Patres
3516 2803 3530 2828 ,
3563 2762 3616 2815 in

2030 2869 2299 2926 mandatis
2334 2867 2602 2924 dederunt
2641 2865 2956 2935 episcopum
2994 2860 3047 2913 in
3101 2856 3279 2911 alieno
3306 2854 3617 2923 episcopatu

2032 2963 2257 3017 multum
2287 2959 2547 3028 temporis
2575 2972 2682 3012 non
2718 2957 3021 3010 absumere.
3056 2950 3114 3005 Si
3147 2948 3271 3017 quis
3320 2955 3500 3000 autem
3534 2944 3619 2998 vel
3659 3023 3662 3027 ἢ

2030 3065 2250 3127 propter
2277 3052 2393 3107 ﬁdei
2424 3058 2625 3106 nostrae
2664 3045 3084 3107 confessionem,
3128 3039 3212 3094 vel
3264 3043 3485 3108 propter
3525 3048 3622 3090 ve-

2035 3146 2211 3203 ritatis
2234 3142 2687 3206 vindicationem,
2714 3153 2811 3195 sua
2840 3136 3059 3193 civitate
3085 3132 3357 3201 ejiciatur,
3384 3136 3438 3186 et
3461 3127 3620 3183 aliam

342 3226 437 3279 καὶ
460 3226 540 3289 είς
579 3224 773 3294 ἑτέραν
807 3225 1015 3296 ἀπέλθῃ
1053 3227 1227 3291 πόλιν,
1261 3227 1323 3280 οὐ
1359 3226 1733 3297 κωλυθήσεται
1811 3230 1920 3284 ἐκεῖ

2032 3238 2188 3291 adeat
2223 3234 2515 3295 civitatem,
2553 3230 2627 3285 ibi
2663 3229 2863 3299 degere
2893 3240 2997 3279 non
3023 3219 3427 3293 prohibebitur,
3451 3229 3625 3286 usque

342 3317 570 3385 διάγειν,
602 3316 799 3389 μέχρις
846 3318 915 3373 ἂν
962 3318 1291 3391 ἀπαλλαγὴν
1344 3322 1528 3389 εὑρεῖν
1575 3322 1778 3393 δυνηθῇ
1831 3324 1929 3394 τῆς

344 3410 485 3476 πρὸς
504 3407 668 3464 αὐτὸν
696 3408 1001 3481 γενομένης
1049 3410 1288 3480 ὕϐρεως.

945 3500 1186 3555 ΚΑΝΩΝ
1217 3499 1327 3557 lll'.

357 3609 374 3642 ι
411 3589 731 3656 Γαυδέντιος
746 3592 1065 3656 ἐπίσκοπος
1093 3587 1282 3646 εἶπεν
1319 3589 1503 3659 Οἶδας,
1552 3596 1750 3666 ἀδελφέ
1813 3598 1935 3651 Ἀέ-

426 3701 445 3733 ι
480 3699 586 3747 τιε,
615 3682 689 3746 ὡς
717 3682 778 3736 τὸ
809 3683 1118 3753 τηνικαῦτά
1171 3701 1302 3738 ποτε
1358 3688 1798 3752 κατασταθέντος
1841 3689 1935 3742 σοῦ

429 3790 449 3824 ε
488 3772 794 3826 ἐπισκόπου
852 3774 886 3843 ὴ
952 3773 1145 3844 εἰρήνη
1196 3775 1385 3828 λοιπὸν
1428 3776 1801 3847 ἐϐράϐευε-ενδ
1849 3781 1937 3833 ἵνα

428 3885 446 3917 ι
489 3864 565 3935 μή
600 3883 723 3918 τινα
752 3863 982 3934 λείψανα
1014 3864 1281 3934 διχονοίας
1306 3867 1436 3938 περὶ
1458 3867 1568 3921 τῶν
1629 3870 1939 3942 ἐκκλησιῶν

438 3974 455 4006 ι
493 3954 853 4027 ὲναπομείνῃ,
913 3951 1061 4019 ἔδοξε
1116 3955 1215 4008 καὶ
1270 3956 1400 4020 τοὺς
1438 3959 1603 4029 ,παρά
1652 3959 1937 4015 Μουσαίου

435 4063 453 4096 ι
489 4044 927 4109 κατασταθέντας
945 4046 1039 4100 καὶ
1068 4047 1192 4110 τοὺς
1217 4046 1367 4118 ποιρά
1394 4046 1757 4119 Εὑτυχιανοῦ,
1788 4052 1941 4106 ἒπει-

436 4157 453 4189 ι
493 4138 556 4208 δὴ
590 4138 772 4193 αὐτῶν
797 4138 1025 4209 οὐδεμία
1041 4139 1332 4211 εὑρίσκετο
1363 4142 1534 4209 αίτία,
1570 4143 1781 4208 πάντας
1809 4144 1942 4198 ὑπο-

426 4249 444 4281 (
484 4231 758 4301 δεχθῆναι.
813 4252 831 4283 ι

967 4324 1208 4380 ΚΔΝΩΝ
1241 4326 1341 4381 18'.

369 4435 387 4469 ι
418 4418 618 4481 ,Ὅσιος
643 4417 945 4481 ἐπίσκοπος
968 4416 1127 4472 εἴπεο
1164 4419 1277 4488 Τῆς
1303 4420 1443 4489 ἐμῆς
1502 4420 1863 4491 μετριότητος
1908 4423 1942 4492 ὴ

2040 3329 2166 3382 dum
2197 3327 2262 3381 ab
2288 3324 2482 3396 injuria
2511 3322 2613 3377 sibi
2644 3321 2785 3376 facta
2818 3315 3034 3372 liberari
3065 3320 3261 3385 potest.

2609 3495 2840 3555 CANON
2872 3492 3058 3548 XVIII.
3524 3540 3527 3545 .

2054 3616 2070 3648 ε
2114 3595 2449 3652 Gaudentius
2478 3592 2769 3663 episcopus
2798 3588 2936 3643 dixit
2969 3603 2983 3640 :
3022 3586 3143 3641 Scis
3169 3624 3183 3648 ,
3231 3582 3402 3638 frater
3429 3578 3585 3635 Aetie
3610 3619 3626 3643 ,

2122 3708 2140 3739 ‹
2177 3688 2319 3758 quod
2352 3695 2477 3740 tunc
2500 3726 2515 3749 ,
2542 3696 2669 3739 cum
2722 3680 3007 3751 episcopus
3039 3676 3366 3731 constitutus
3393 3686 3454 3728 es
3476 3711 3492 3739 ,
3525 3683 3627 3739 pax

2124 3798 2143 3829 ‹
2178 3777 2433 3846 deinceps
2473 3774 2681 3845 viguit;
2714 3787 2781 3827 ne
2815 3769 3010 3839 aliquae
3038 3766 3433 3823 discordiarum
3497 3761 3631 3817 reli-

2126 3887 2144 3921 ι
2180 3868 2319 3939 quite
2343 3868 2407 3923 de
2428 3864 2673 3921 ecclesiis
2703 3867 3037 3927 remaneant,
3061 3858 3240 3913 visum
3295 3862 3400 3923 est,
3440 3863 3502 3909 ut
3539 3852 3631 3922 qui

2128 3981 2145 4013 ε
2184 3976 2213 4014 a
2244 3959 2443 4015 Musaeo
2478 3965 2532 4010 et
2564 3952 2904 4027 Eutychiano
2952 3948 3231 4006 constituti
3283 3953 3412 4001 sunt
3444 3986 3460 4011 ,
3506 3943 3632 4014 quia

2104 4074 2147 4124 ζ«ι
2186 4050 2334 4108 nulla
2369 4062 2555 4104 eorum
2586 4045 2744 4115 culpa
2772 4041 3149 4113 inveniebatur
3172 4079 3188 4106 ,
3234 4050 3428 4094 omnes
3463 4034 3635 4095 susci‘

2050 4162 2061 4174 '
2136 4166 2153 4199 ι
2193 4150 2471 4215 perentur.
2514 4159 2533 4191 ι

2652 4314 2882 4376 CANON
2906 4312 3052 4370 XIX.

2065 4440 2083 4475 ι
2123 4418 2284 4475 Osius
2314 4416 2602 4487 episcopus
2622 4411 2759 4466 dixit
2793 4425 2806 4461 :
2847 4408 2977 4463 Meae
2998 4402 3390 4461 mediocritatis
3414 4403 3527 4457 haec
3556 4409 3641 4457 est

438 4530 456 4561 ‹
492 4510 767 4579 ἀπόφασίς
798 4512 915 4564 ἐστι
971 4510 1147 4580 αὖτη”
1203 4509 1393 4581 ἐπειδὴ
1416 4510 1613 4581 ἥσυχοι
1668 4510 1763 4564 καὶ
1804 4511 1920 4565 ὑποι

2128 4532 2147 4565 ι
2184 4509 2472 4566 sententia.
2504 4506 2639 4573 Quia
2672 4501 2836 4573 quieti
2892 4508 2946 4554 et
2992 4498 3257 4568 patientes
3304 4507 3425 4549 esse
3473 4492 3641 4549 debe-

444 4623 462 4654 ι
502 4603 784 4673 μονητικοὶ
814 4602 1106 4675 ὀφείλομεν
1136 4597 1300 4663 εἶναι,
1346 4602 1442 4655 καὶ
1467 4602 1666 4674 διαρκῆ
1693 4603 1784 4658 τὸν
1813 4603 1950 4674 πρὸς

451 4712 471 4745 ι
508 4693 715 4756 πάντας
740 4691 886 4763 ἔχειν
924 4688 1129 4760 οἶκτον,
1175 4693 1323 4759 ἅπαξ
1356 4694 1484 4757 τοὺς
1525 4698 1607 4757 εἰς
1635 4695 1837 4767 κλῆρον
1865 4697 1955 4749 ὲκ-
2010 4682 2029 4693 ’

448 4804 466 4837 ι
505 4784 897 4855 κλησιαστικὺν
921 4784 1306 4855 προαχθέντας
1352 4784 1458 4845 ὑπό
1488 4802 1653 4840 τινων
1708 4787 1956 4854 ἀδελφῶν

451 4896 469 4926 ‹
506 4874 683 4945 ἡμῶν,
715 4876 764 4928 εί
819 4874 895 4946 μὴ
924 4872 1197 4946 βούλοιντο
1236 4874 1629 4946 ἐπανέρχεσθαι
1661 4876 1739 4940 εἰς
1764 4874 1827 4940 ἃς
1857 4893 1956 4930 κα-

449 4988 465 5020 ι
498 4966 926 5039 τωνομάσθησαν
982 4967 1299 5039 ἐκκλησίας,
1332 4966 1426 5022 τοῦ
1479 4968 1671 5023 λοιποῦ
1711 4969 1785 5040 μὴ
1822 4970 1956 5023 ὑπο-

458 5082 478 5115 ι
516 5061 795 5132 δέχεσθαυ
832 5061 1165 5131 Εὑτυχιανὸν
1192 5059 1251 5114 δὲ
1298 5063 1439 5133 μήτε
1471 5061 1779 5115 ἐπισκόπου
1824 5062 1956 5115 ἐαυ-

462 5157 589 5228 «ιτῷ
612 5155 899 5211 διεκδικετν
953 5155 1167 5226 ὄνομαο
1211 5154 1326 5210 ἀλλ’
1370 5156 1493 5209 οὐδὲ
1550 5156 1827 5211 Μουσαῖον
1883 5155 1959 5218 ὡς

460 5269 477 5302 ι
512 5250 810 5305 ἐπίσκοπον
840 5246 1184 5319 νομίζεσθαι.
1227 5249 1291 5302 Εἰ
1332 5248 1391 5301 δὲ
1426 5248 1622 5314 λαῖκὴν
1668 5254 1960 5303 κοινωνίαν

452 5361 471 5394 ι
511 5343 818 5410 ἀπαιτοῖεν,
854 5341 930 5413 μὴ
957 5344 1157 5412 χρῆναι
1190 5339 1377 5403 αὐτοῖς
1406 5338 1715 5407 ἀρνεῖσθαι.
1745 5338 1956 5403 Πάντες

456 5454 476 5487 ι
516 5430 712 5490 εἶπαν·
756 5435 1034 5505 Ἀρέσκει.

458 5526 660 5581 ΒᾹΔΣ.
698 5526 763 5581 '0
794 5526 1073 5590 Μουσαῖος
1099 5524 1193 5581 καὶ
1217 5525 1246 5579 ό
1292 5523 1651 5595 Εὑτυχιανὺς,
1680 5522 1963 5595 ἀχειροτό-

380 5638 533 5691 νητοι
556 5620 734 5686 ὄντες,
761 5618 835 5683 ὥς
865 5619 1162 5673 ιπίσκοποι
1201 5618 1505 5690 κληρικούς
1558 5634 1714 5681 τινας
1748 5619 1964 5689 ἑχειροο

2136 4624 2152 4657 ι
2192 4620 2334 4665 mus.
2368 4610 2423 4656 et
2449 4597 2803 4655 sutiieicntem
2836 4607 2963 4661 erga
3002 4601 3191 4644 omnes
3223 4585 3429 4643 habere
3475 4584 3641 4638 mise-

2135 4715 2154 4748 ε
2194 4693 2487 4751 ricordiam
2517 4704 2634 4756 eos,
2672 4687 2763 4758 qui
2792 4683 2957 4740 semel
2983 4685 3035 4737 in
3070 4679 3275 4736 clerum
3296 4675 3641 4737 Iecclesiasti-

2137 4808 2157 4841 ι
2195 4802 2317 4842 cum
2385 4785 2453 4838 ab
2509 4780 2779 4850 aliquibus
2833 4773 3093 4830 fratribus
3150 4772 3350 4826 nostris
3408 4767 3640 4838 promoti

2140 4899 2159 4932 ι
2198 4887 2346 4941 sunt,
2384 4875 2429 4931 si
2463 4873 2633 4929 nolint
2655 4871 2718 4925 ad
2747 4866 3003 4924 ecclesias
3034 4906 3050 4932 ,
3096 4865 3152 4919 in
3184 4878 3321 4934 quas
3377 4859 3641 4915 nominati

2139 4990 2159 5025 ι
2201 4980 2330 5026 sunt
2359 4968 2555 5028 redire,
2587 4964 2842 5031 deinceps
2898 4976 3005 5015 non
3055 4956 3265 5014 admitti
3294 4974 3308 5010 :
3343 4952 3643 5033 Futychia-

2137 5082 2158 5115 ι
2192 5076 2318 5117 num
2370 5067 2548 5115 autem
2606 5071 2677 5111 ne
2723 5053 2960 5124 episcopi
3014 5049 3232 5120 quidem
3282 5045 3386 5103 sibi
3444 5057 3640 5100 nomen

2140 5170 2159 5204 ι
2195 5162 2491 5220 usurpare;
2543 5147 2634 5202 sed
2694 5160 2869 5216 neque
2928 5141 3185 5195 Musmum
3235 5146 3291 5193 et
3316 5134 3637 5207 episcopum

2143 5264 2161 5297 ι
2199 5242 2522 5309 existimari.
2579 5240 2638 5294 Si
2709 5248 2889 5293 autem
2952 5236 3144 5292 laicam
3205 5227 3643 5287 communionem

2142 5354 2159 5385 ε
2198 5333 2511 5404 petiverint,
2541 5345 2653 5385 non
2706 5336 2957 5398 oportere
2988 5326 3069 5379 eis
3119 5319 3397 5391 denegari.
3444 5316 3646 5373 Omnes

2150 5444 2168 5478 ι
2209 5426 2463 5481 dixerunt
2494 5440 2507 5479 :
2539 5420 2743 5476 Placet.
2776 5439 2795 5472 ι

2138 5517 2335 5574 BALS.
2366 5515 2600 5572 Musaeus
2632 5523 2685 5570 et
2719 5511 3090 5582 Eutychianus
3122 5548 3137 5574 ,
3164 5522 3288 5563 cum
3322 5521 3429 5563 non
3466 5513 3648 5565 essent

2067 5611 2325 5674 ordinati,
2347 5619 2604 5678 tanquam
2642 5605 2883 5675 episcopi
2913 5603 3145 5659 clericos
3186 5600 3397 5670 aliquos
3428 5599 3647 5655 ordina-

382 5710 639 5782 τόνησαν.
670 5707 781 5763 Τοῦ
820 5707 954 5779 γοῦν
996 5705 1327 5763 Γαυδεντίου
1377 5705 1719 5781 ζητήσαντος
1742 5707 1834 5763 διὰ
1866 5704 1920 5761 ri

2069 5711 2215 5759 runt.
2251 5701 2397 5758 Cum
2417 5701 2600 5772 itaque
2631 5696 2969 5756 Gaudentius
2994 5693 3299 5766 petivisset,
3334 5701 3393 5746 ut
3427 5699 3647 5761 prept'ct‘

389 5802 530 5893 κατά
564 5801 697 5858 Θεὸν
756 5800 985 5881 εἰρήνην
1039 5797 1297 5873 δεχθῆναι
1347 5800 1474 5873 τοῆς
1531 5799 1711 5886 παρὰ,
1755 5798 1920 5886 Τσὲδτίξ

2072 5810 2285 5870 pacem,
2342 5793 2597 5855 omnibus
2660 5788 2836 5849 modis
2892 5787 3199 5844 divinorum
3256 5790 3647 5863 prmreptoruxn
