4052 6444
375 388 512 455 N93

1471 396 1557 457 IN
1590 394 1759 457 CAN.
1799 393 1941 455 XXI
1981 391 2193 454 CONC.
2236 392 2541 458 SARDIC.

3498 401 3635 467 1494

368 506 520 569 νόνα,
556 504 649 560 καὶ
686 505 920 563 ἐκλαϐοὖ
950 507 1029 574 τὺ,
1053 507 1182 571 Καὶ,
1208 506 1274 561 τὸ
1308 507 1608 578 προστεθὶν
1662 508 1784 562 ἀντὶ
1834 507 1949 571 τοῦ,

2060 503 2204 571 Seu;
2235 515 2287 559 et
2318 508 2405 562 dic
2448 518 2852 580 contemptores
2901 513 3151 571 amittere
3212 518 3472 574 honorem
3539 534 3636 575 seu

374 596 568 651 Ἤτοι·
619 598 714 651 καὶ
744 597 869 666 λέγε
900 598 1228 654 ἀποϐάλλειν
1256 600 1384 663 τοὺς
1416 599 1685 672 άθετητάς
1735 601 1836 672 τὴν
1866 617 1949 653 τι·

373 689 481 760 μὴν
507 691 626 760 ἦτοι
662 690 725 745 τὸ
752 691 971 762 ἀξίωμα
993 693 1090 764 τῆς
1126 692 1462 761 ἐπισκοπῆς.

442 779 696 836 ΖΩΝΑΡ.
739 780 949 847 Ταῦτα,
1009 783 1178 851 φησὶν
1229 784 1257 837 ό
1302 782 1505 850 κανὼν,
1553 785 1646 837 ἐπὶ
1701 784 1950 855 σωτηρία

378 869 687 938 ὁρισθέντα,
713 870 809 925 καὶ
836 872 978 925 κατὰ
1006 873 1066 925 τὸ
1092 873 1303 942 πρέπον
1329 876 1396 945 τῇ
1424 874 1686 941 τάξεικαὶ
1710 877 1780 947 τῇ
1814 876 1947 945 τιμῇ

374 964 440 1031 τῇ
499 962 776 1034 ίερατικῇ,
836 964 934 1017 καὶ
981 964 1252 1035 θεάρεστα
1299 964 1429 1019 ὄντα
1485 967 1579 1020 καὶ
1638 967 1951 1038 ἀνθρώποις

382 1055 678 1122 ἀπώεκτά,
708 1056 810 1109 οὐκ
842 1057 1176 1127 ἰσχύσουσιν,
1209 1058 1333 1112 οὐδὲ
1368 1061 1757 1129 κρατήσουσιν,
1791 1062 1839 1112 εί
1872 1060 1949 1130 μὴ

376 1150 471 1201 καὶ
501 1148 667 1215 φόϐος
698 1148 974 1203 κολάσεων
1002 1152 1096 1203 καὶ
1122 1152 1418 1222 ἐπιτιμίων
1452 1155 1575 1216 ταῖς
1607 1152 1950 1222 ἀποφάσεσιν

369 1236 826 1311 ἐπακολουθήσει,
852 1243 993 1297 ὥστε
1024 1244 1309 1313 φοϐεῖσθαι
1339 1246 1463 1309 τοὺς
1487 1246 1945 1316 παραϐαίνοντας,

372 1334 461 1388 ὅτε
489 1334 1006 1407 ἐπιτιμηθήσονται.
1035 1336 1385 1408 Γινώσκομεν
1423 1337 1533 1408 γὰρ
1560 1340 1642 1392 ὅτι
1686 1336 1950 1400 πολλάκις

372 1426 534 1479 τινῶν
555 1427 755 1495 ὀλίγων
784 1428 845 1495 ἐξ
883 1430 1269 1501 ἀναισχυντίας
1318 1431 1771 1503 παραϐαινόντων
1822 1431 1950 1494 τοὺς

374 1521 608 1582 κανόνας
643 1523 1123 1592 καταγινώσκεται
1166 1523 1229 1578 τὸ
1260 1523 1403 1578 θεῖον
1435 1524 1609 1594 ὄνομα
1661 1523 1763 1593 τῆς
1793 1523 1950 1594 ἱερω-

372 1610 561 1684 σύνης,
592 1614 655 1667 οὐ
684 1614 795 1668 τῶν
825 1598 1256 1687 ἁμαρτανόντων
1279 1617 1475 1687 ἱερέων
1507 1615 1669 1685 μόνον
1701 1613 1952 1684 βλασφη-

376 1707 692 1777 μουμένων,
725 1707 842 1761 ἀλλ’
874 1707 1014 1778 ὁμοῦ
1040 1708 1290 1763 πάντων·
1345 1707 1434 1762 διὰ
1456 1709 1564 1777 γὰρ
1594 1707 1693 1777 τῆς
1721 1705 1952 1777 ἱερωσύ-

376 1818 475 1871 νης
508 1802 718 1864 πάντας
744 1802 870 1864 τοὺς
914 1801 1085 1871 ίερεῖς
1140 1801 1418 1871 ἐνέφηνεν.
1451 1801 1513 1853 El
1542 1795 1636 1853 οὖν
1684 1797 1947 1870 τολμήσει

372 1911 458 1957 τις
490 1894 618 1948 ἄλλο
645 1912 696 1948 τι
718 1893 1125 1964 διαπράξασθαι
1176 1893 1331 1966 παρὰ
1381 1892 1450 1947 τὰ
1492 1892 1719 1960 δόξαντα
1782 1894 1950 1946 πᾶσιν

372 1985 842 2056 ἀλαζονευόμενος
890 1986 986 2039 καὶ
1021 1985 1408 2057 ἐπαιρόμενος,
1442 1968 1540 2038 καὶ
1566 1983 1641 2057 μὴ
1703 1985 1950 2040 σπεύδων

373 2075 450 2142 τῷ
473 2076 591 2146 Θεῷ
630 2077 850 2148 ἀρέσαι,
899 2079 1220 2146 γινωσκέτω
1285 2076 1368 2129 ὅτι
1414 2075 1715 2128 ὑπεύθυνον
1758 2074 1951 2128 ἐαυτὸν

375 2170 715 2240 καταστήσει
777 2169 1085 2239 ἐγκλήματι
1152 2168 1475 2237 ἀπολογίας,
1536 2166 1818 2221 τουτέστιν
1886 2164 1948 2219 οὗ

377 2260 696 2331 μονομερῶς
724 2260 1213 2331 κατακριθήσεται,
1240 2259 1377 2313 ἀλλά
1406 2261 1503 2313 καὶ
1546 2258 1947 2329 ἐλκυσθήσεται

372 2350 452 2411 εἰς
474 2348 851 2421 δικαστήριον,
886 2352 982 2404 καὶ
1013 2351 1086 2414 ὡς
1108 2350 1361 2422 ἔγκλημα
1407 2352 1645 2420 ποιήσας
1675 2350 1953 2421 ἀπολογή-

375 2441 573 2495 σασθαι
606 2442 1071 2513 ἀπαιτηθήσεται,
1096 2443 1191 2496 καὶ
1213 2442 1483 2497 ἀποϐαλεῖ
1504 2442 1744 2511 ἀξίωμα,
1782 2444 1951 2513 ήγουν

377 2533 776 2605 στερηθήσεται
800 2535 900 2605 τῆς
932 2536 1098 2604 τιμῆς
1131 2536 1225 2589 τοῦ
1256 2535 1573 2606 ἀξιώματος
1594 2537 1694 2607 τῆς
1722 2537 1950 2589 ἐπισκορ

375 2627 507 2697 πῆς,
536 2628 706 2696 ήγουν
734 2627 1226 2700 καθαιρεθήσεται.

968 2803 1209 2858 ΚΑΝΩΝ
1257 2801 1386 2857 KA'.

380 2913 397 2946 ι
441 2894 553 2949 Καὶ
578 2893 739 2949 τοῦτο
768 2894 826 2948 δὲ
849 2894 1059 2949 ἐκεῖθεν
1086 2894 1325 2964 μάλιστα
1342 2892 1620 2964 γνώριμον
1637 2894 1949 2963 γενήσεται,

452 3008 471 3040 ι
514 2992 609 3042 καὶ
646 2988 1094 3059 πληρωθήσεται,
1126 2986 1224 3041 ἐάν
1254 2986 1489 3047 ἕκαστος
1522 2986 1705 3057 ἡμῶν,
1728 2986 1841 3039 τῶν
1891 2988 1952 3038 ἐν

450 3100 469 3129 ι
507 3084 625 3142 ταῖς
686 3080 963 3150 παρόδοις,
1031 3080 1200 3148 ἦγουν
1270 3077 1532 3147 καναλὶῳ,
1590 3076 1951 3132 καθεστώτων

450 3192 469 3225 ι
509 3172 847 3239 ἐπισκόπων,
910 3170 1250 3241 θεασάμενος
1288 3168 1613 3235 ἐπίσκοπον,
1659 3168 1947 3240 ἐπιξητοίη
1975 3194 2020 3252 c

445 3284 463 3317 ι
505 3265 603 3336 τὴν
636 3252 818 3317 αἰτίαν
849 3263 947 3335 τῆς
972 3263 1231 3333 παρόδου,
1278 3265 1373 3317 καὶ
1406 3262 1509 3315 ποῦ
1564 3262 1665 3332 τὴν
1716 3260 1949 3331 πορείαν

451 3377 471 3412 ι
514 3359 784 3411 ποιεῖται·
819 3358 916 3409 καὶ
948 3357 1043 3409 ἐὰν
1079 3356 1179 3425 μὲν
1212 3355 1347 3427 εὕρῃ
1380 3354 1546 3408 αὑτὸν
1585 3353 1682 3407 ἐπὶ
1713 3352 1947 3423 στρατό-
1976 3362 1987 3371 ’

448 3468 468 3502 ι
508 3450 668 3503 πεδον
725 3450 975 3510 ἀπιόντα,
1026 3447 1352 3519 ἐπιζητήσει
1402 3445 1503 3510 τὰς
1558 3446 1803 3515 αἱρέσεις
1848 3443 1949 3507 τὰς

448 3560 467 3593 ι
511 3543 701 3597 ἐπάνω
759 3540 1156 3610 προκειμένας.
1194 3539 1314 3593 Κᾶν
1340 3538 1681 3608 κεκλημένος
1712 3538 1948 3607 ἀφικνῆ-

448 3654 466 3684 ι
510 3651 623 3698 ται,
650 3634 865 3686 ἀπιόντι
893 3631 1043 3703 αὐτῷ
1076 3631 1243 3701 μηδὲν
1276 3630 1539 3699 ἐμπόδιον
1594 3630 1838 3698 γίγνοιτο
1857 3646 1871 3660 ο
1897 3629 1948 3681 εί

448 3745 466 3778 ι
505 3727 562 3779 δὲ
625 3725 946 3789 ἐπιδείξεως
1006 3726 1187 3794 χάριν,
1262 3725 1445 3788 καθὼς
1503 3723 1826 3795 προείρηται
1879 3725 1945 3791 τῇ

447 3840 465 3872 ι
505 3819 751 3890 ὑμετέρᾳ
776 3819 992 3889 ἀγάπῃ,
1019 3819 1050 3888 ἢ
1081 3817 1171 3871 διά
1215 3834 1379 3871 τινων
1421 3817 1676 3883 ἀξιώσεις
1715 3814 1949 3869 σπουδά-

446 3933 464 3964 ι
504 3912 586 3977 ζει
613 3913 708 3965 ἐπὶ
739 3912 801 3963 τὸ
828 3910 1213 3981 στρατόπεδον,
1268 3911 1408 3982 μήτε
1435 3911 1551 3973 τοῖς
1607 3908 1935 3979 γράμμασιν

450 4024 468 4055 ι
516 4004 683 4059 αὐτοῦ
715 4002 1076 4074 ὑπογράφειν,
1117 4003 1254 4072 μήτε
1284 4004 1564 4056 κοινωνεῖν
1593 4000 1671 4072 τῷ
1693 4000 1943 4068 τοιούτῳ.

436 4118 454 4151 ‹
505 4096 780 4160 Ἅπαντες
806 4092 988 4149 εἶπαν·
1025 4093 1330 4166 Ὀριζέσθω
1360 4096 1455 4148 καὶ
1487 4095 1670 4148 τοῦτο.
1704 4114 1723 4146 ι

442 4190 638 4244 ΒΑΛΣ.
688 4189 795 4241 Καὶ
843 4187 1005 4241 τοῦτο
1053 4188 1330 4258 γνώριμον
1389 4191 1701 4258 γενήσεται.
1753 4190 1944 4259 Τοῦτο,

367 4287 522 4338 ποῖον
544 4300 578 4357 ς,
604 4283 676 4335 Τὸ
706 4281 782 4353 μὴ
816 4280 1334 4349 καταγινώσκεσθαι
1369 4282 1470 4349 τὴν
1519 4282 1823 4355 ἱερωσύνην
1856 4284 1949 4338 διὰ

369 4376 467 4446 τὴν
496 4373 606 4427 τῶν
636 4372 838 4441 ὀλίγων
866 4372 1280 4443 ἀναισχυντίαν.
1336 4374 1451 4427 Καὶ
1489 4374 1941 4447 πληρωθήσεται.

365 4467 533 4533 Ilias;
576 4466 705 4520 Ἐὰν
734 4466 972 4529 ἕκαστος
1026 4467 1187 4537 ἡμῶν
1234 4467 1344 4520 τῶν
1383 4468 1445 4520 ἐν
1502 4469 1624 4531 ταῖς
1684 4466 1945 4543 παρόδοις

2056 596 2383 666 dignitatem
2407 600 2770 670 episcopatus.

2125 773 2378 831 ZONAR.
2424 774 2698 833 Salutaria
2752 778 2867 836 haec
2909 782 3150 851 decreta,
3205 785 3382 855 inquit
3431 801 3631 854 canon,

2054 866 2198 922 sacri
2248 868 2455 923 ordinis
2492 870 2706 925 decoro
2768 873 3129 945 dignitatique
3200 882 3634 948 accommodata,

2055 959 2275 1028 Deoqne
2302 968 2479 1028 grata,
2513 972 2568 1014 et
2597 962 2910 1019 hominibus
2938 975 3186 1036 accepta,
3236 984 3512 1037 nunquam
3542 987 3635 1026 ro-

2054 1050 2156 1105 bur
2210 1065 2365 1104 suum
2422 1067 2485 1109 ac
2518 1056 2663 1109 vires
2713 1054 3074 1124 obtinebunt,
3126 1061 3229 1139 nisi
3292 1063 3635 1119 decretorum

2053 1143 2480 1215 promulgationi
2513 1162 2795 1217 penarum
2834 1160 3010 1208 metus
3062 1153 3308 1220 accedat,
3342 1170 3478 1224 quas
3509 1158 3635 1228 sibi,

2054 1237 2148 1305 qui
2180 1237 2295 1292 haec
2329 1238 2674 1305 violaverim,
2714 1255 2932 1313 paratas
2954 1245 3281 1315 intelligant.
3313 1249 3443 1302 Illud
3479 1267 3637 1305 uatu-

2053 1343 2161 1398 que
2194 1330 2447 1387 novimus
2478 1335 2719 1399 evenire,
2754 1346 2812 1390 ut
2844 1339 3034 1408 paucis
3064 1340 3387 1409 quibusdam
3416 1343 3637 1399 decreta

2053 1432 2326 1475 canonum
2387 1426 2484 1490 per
2538 1422 2926 1492 impudentiam
2979 1428 3343 1498 violantibus,
3392 1431 3636 1486 divinmn

2052 1512 2343 1567 sacerdotii
2374 1529 2567 1570 nomen
2600 1517 2917 1586 damnetur;
2951 1536 3050 1575 nec
3078 1519 3112 1575 ii
3144 1522 3344 1589 solum,
3386 1524 3476 1592 qui
3513 1538 3639 1592 pec-

2052 1613 2271 1669 carunt,
2308 1608 2402 1661 sed
2438 1621 2629 1664 omnes
2660 1609 2820 1664 simul
2868 1613 3185 1667 sacerdotes
3231 1613 3539 1685 (universos
3565 1615 3641 1669 si-

2053 1696 2273 1767 quidem
2308 1699 2601 1754 sacerdotii
2658 1702 2878 1758 nomine
2910 1702 3212 1773 signiﬂcari
3244 1704 3434 1777 voluit)
3473 1706 3641 1759 malc-

2056 1789 2192 1846 dicis
2255 1790 2689 1846 obtrectatorum
2756 1794 3233 1850 criminationibus
3306 1796 3639 1851 lacerentur.

1984 1854 2024 1909 Β
2052 1880 2111 1937 Si
2150 1881 2273 1952 quis
2302 1884 2468 1954 igitur
2517 1885 2780 1941 adversus
2828 1900 2916 1951 ea,
2969 1902 3091 1957 qua:
3121 1888 3360 1942 unanimi
3393 1890 3640 1944 omnium

2054 1988 2321 2028 consensu
2357 1976 2573 2031 decreta
2604 1988 2725 2031 sunt
2750 2016 2765 2039 .
2798 1980 3109 2049 arrogantia
3144 1995 3207 2036 ac
3240 1982 3495 2050 superbia
3522 1982 3639 2036 ela-

2056 2072 2165 2130 tus,
2199 2081 2378 2136 neque
2433 2070 2677 2123 numinis
2705 2068 2966 2139 obsequio
2993 2071 3304 2126 demerendi
3357 2074 3640 2128 studiosus

2052 2159 2345 2229 quidquam
2372 2160 2657 2216 admittere
2709 2161 2909 2216 audeat
2938 2181 2953 2216 :
3010 2164 3360 2231 semetipsum
3393 2165 3639 2221 criminis

2053 2247 2355 2305 defensioni
2386 2251 2684 2306 obnoxium
2716 2253 3074 2317 constituere,
3132 2253 3237 2309 hoc
3268 2263 3377 2318 est,
3433 2269 3538 2308 non
3572 2270 3636 2311 se

2053 2355 2377 2412 quacunque
2403 2342 2615 2398 ratione
2641 2344 3137 2409 condemnandum,
3167 2345 3263 2401 sed
3295 2349 3350 2399 in
3375 2344 3638 2415 judicium

2055 2432 2402 2500 trahendum,
2456 2434 2619 2505 eique
2650 2436 2798 2491 velut
2832 2444 3051 2505 patrato
3126 2435 3371 2490 facinore
3418 2449 3639 2492 causam

2052 2538 2177 2580 esse
2229 2525 2535 2595 dicendam,
2592 2528 3020 2599 dignitatemque
3080 2528 3469 2596 abjiciendam,
3538 2530 3643 2582 hoc

2053 2624 2160 2681 est,
2196 2617 2493 2688 episcopali
2546 2634 2607 2675 se
2639 2620 2847 2676 honore
2874 2635 2939 2675 ac
2976 2620 3241 2690 dignitate
3292 2619 3640 2690 privandum,

2052 2706 2169 2761 sive
2202 2705 2542 2777 depositione
2576 2710 2913 2763 multandum
2944 2724 3066 2765 esse
3103 2709 3391 2779 intelligat.

2630 2801 2863 2857 CANON
2928 2800 3073 2859 XXI.

2059 2910 2077 2941 ι
2111 2890 2283 2948 Porro
2307 2900 2490 2947 autem
2520 2892 2628 2948 hoc
2665 2907 2888 2963 quoque
2921 2892 3075 2947 illinc
3120 2900 3228 2948 erit
3275 2892 3515 2948 maxime
3547 2907 3644 2946 no-

2133 3001 2154 3035 σ
2185 2992 2299 3038 tum
2335 2993 2387 3040 et
2420 2985 2856 3055 comprobatum,
2888 2984 2935 3040 si
2969 2987 3352 3055 unusquisque
3380 2996 3627 3041 nostrum

2128 3092 2150 3127 ι
2180 3075 2273 3146 qui
2301 3077 2355 3130 in
2397 3078 2628 3131 transitu
2659 3092 2753 3132 seu
2784 3077 2960 3132 canali
2988 3079 3270 3133 constituti
3301 3093 3489 3133 sumus
3522 3080 3643 3147 (θρῖα

2129 3182 2151 3219 ι
2182 3168 2358 3235 scopi,
2408 3182 2531 3223 cum
2566 3168 2765 3223 viderit
2793 3169 3130 3240 episcOpum,
3183 3178 3391 3239 quaerat
3418 3184 3641 3225 causam

2131 3277 2150 3313 ι
2184 3260 2476 3329 adventus,
2506 3270 2561 3315 et
2587 3277 2694 3331 quo
2723 3263 2898 3334 pergit
2928 3282 2944 3319 :
3002 3272 3057 3318 et
3095 3263 3141 3317 si
3178 3279 3299 3318 eum
3338 3263 3553 3331 quidem
3587 3262 3642 3315 in

2134 3376 2151 3409 ι
2182 3368 2361 3413 castra
2397 3357 2833 3428 proﬁciscentem
2873 3356 3163 3419 invenerit,
3212 3365 3421 3424 quaeret
3450 3355 3644 3409 condi-

2132 3468 2150 3502 ι
2183 3451 2358 3506 tiones
2378 3466 2501 3520 qua
2516 3450 2769 3519 superius
2793 3448 3087 3518 propositae
3116 3457 3264 3502 sunt.
3294 3446 3422 3502 Etsi
3450 3463 3646 3502 evoca-

2128 3560 2147 3594 ι
2182 3552 2270 3597 tus
2300 3543 2499 3606 veniat,
2519 3541 2568 3597 ei
2593 3540 2811 3596 abeunti
2836 3540 2969 3594 nihil
2998 3540 3367 3610 impedimenti
3396 3540 3528 3592 liat:
3557 3540 3642 3593 sin

2133 3650 2153 3684 ι
2187 3644 2370 3687 autem
2401 3630 2783 3685 ostentationis
2831 3629 3023 3699 gratia,
3061 3627 3515 3698 quemadmodum
3554 3642 3642 3679 ve-

2137 3745 2155 3777 ‹
2190 3738 2319 3783 strue
2349 3724 2625 3779 dilectioni
2659 3723 2910 3791 superius
2928 3721 3128 3775 dictum
3154 3728 3258 3784 est,
3301 3718 3385 3772 vel
3421 3728 3644 3787 propter

2136 3839 2154 3871 ι
2188 3817 2496 3887 aliquorum
2533 3829 2724 3884 preces
2752 3812 2808 3866 in
2833 3823 3017 3869 castra
3060 3812 3328 3875 festinat;
3365 3826 3464 3865 nec
3496 3810 3641 3865 litte-

2136 3931 2154 3963 ι
2192 3910 2269 3965 ris
2303 3908 2420 3977 ejus
2452 3906 2786 3974 subscribat,
2823 3920 2924 3959 nec
2956 3920 3082 3958 cum
3130 3919 3194 3958 eo
3241 3904 3635 3959 communicet.

2136 4021 2155 4056 ι
2184 4002 2386 4056 Omnes
2412 4000 2702 4055 dixerunt:
2738 3997 2853 4052 lloc
2876 4010 3092 4067 quoque
3122 3998 3469 4051 decernatur.
3510 4016 3529 4048 ι

2126 4202 2324 4258 BALS.
2363 4202 2537 4257 Porro
2571 4200 2674 4255 hoc
2702 4213 2915 4268 quoque
2952 4208 3137 4253 notum
3170 4200 3295 4255 erit.
3332 4198 3471 4265 Quid
3492 4200 3640 4255 hoc?

2053 4292 2170 4348 Non
2210 4293 2457 4348 damnari
2486 4290 3103 4359 sacerdotiumiprupter
3133 4304 3427 4359 paucorum
3460 4291 3639 4361 impnc

2054 4386 2313 4442 dentiam.
2337 4384 2403 4438 Et
2423 4383 2883 4455 comprobabitur.
2908 4383 3191 4448 Quomodo
3212 4384 3235 4436 ?
3270 4381 3325 4436 Si
3348 4385 3644 4451 unusquis-

2053 4491 2161 4547 que
2220 4485 2494 4539 nostrum,
2578 4473 2758 4542 quiin
2811 4473 3049 4527 aditibus
3110 4471 3394 4527 constituti
3446 4489 3645 4530 smnus

365 4558 730 4615 καθεστώτων
767 4559 1110 4625 ἐπισκόπων,
1133 4558 1241 4612 τῶν
1289 4559 1350 4612 ἐν
1380 4560 1500 4622 ταῖς
1530 4560 1752 4613 πόλεσιν
1774 4559 1945 4614 όντων

2048 4566 2313 4636 episc0pi,
2374 4564 2467 4635 qui
2525 4578 2717 4618 sumus
2763 4562 2971 4617 scilicet
3032 4561 3086 4616 in
3120 4561 3370 4626 urbibus,
3429 4564 3642 4632 quain

361 4652 566 4724 δηλαδὴ
589 4654 715 4714 ταῖς
740 4651 800 4705 ἐν
826 4654 948 4713 ταῖς
976 4651 1272 4722 δημοσίαις
1298 4652 1590 4722 κειμέναις
1618 4653 1779 4718 ὁδοῖς,
1822 4653 1942 4720 ήτοι

364 4741 627 4811 καναλίῳ,
647 4740 713 4795 δι’
733 4736 810 4797 ὧν
837 4740 1146 4812 διέρχονται
1171 4743 1219 4795 oi
1246 4742 1579 4806 διοδεύοντες
1604 4742 1942 4809 ἀδιακόπως,

362 4832 440 4896 ὡς
463 4831 725 4896 διέξεισιν
776 4832 836 4887 ἐν
886 4831 1220 4901 ὑδραγωγίῳ
1252 4832 1314 4884 τὸ
1371 4829 1517 4900 ὕδωρ
1550 4831 1800 4900 (κανάλις
1833 4830 1943 4901 γὰρ

364 4926 580 4994 ἀγωγὸς
621 4923 814 4988 ὓδατος
840 4923 1062 4993 λέγεται
1086 4938 1101 4953 ⁸
1136 4925 1169 4995 ή
1196 4923 1255 4976 δέ
1284 4923 1431 4989 λέξις
1472 4922 1783 4993 Ῥωμαῖκὴ)
1816 4922 1943 4975 θεα-

367 5019 601 5088 σάμενος
620 5019 919 5072 ἐπίσκοπον
942 5016 1176 5071 ἀπιόντα
1200 5034 1329 5080 που,
1353 5016 1611 5087 ἐκζητοίη
1639 5017 1739 5085 τὴν
1761 5016 1943 5070 αίτίαν

362 5112 462 5181 τῆς
498 5111 762 5183 παρόδου,
814 5113 910 5165 καὶ
968 5109 1065 5165 τοῦ
1115 5112 1216 5181 τὴν
1249 5110 1480 5181 πορείαν
1537 5112 1795 5174 ποιεῖται,
1847 5107 1944 5161 καὶ

364 5207 451 5261 διὰ
485 5206 539 5260 τί
558 5223 572 5238 ο
602 5208 698 5260 καὶ
714 5206 748 5276 ή
776 5204 929 5258 αἰτία
957 5203 1057 5273 τῆς
1074 5202 1477 5271 καταγνώσεως
1499 5200 1608 5252 τῶν
1623 5198 1943 5252 ἐπισκόπων

367 5299 769 5368 κωλυθήσεται.
807 5296 917 5349 Καὶ
952 5295 1049 5349 ἐὰν
1079 5295 1180 5365 μὲν
1216 5293 1333 5363 γνῷ
1365 5293 1530 5345 αὑτὸν
1559 5292 1653 5343 ἐπὶ
1683 5292 1744 5343 τὸ
1770 5306 1943 5359 στρα-

366 5390 592 5445 τόπεδον
622 5388 879 5450 ἀπιόντα,
903 5385 1207 5456 ἐκζητείτω
1229 5386 1331 5448 τὰς
1355 5385 1600 5455 αἱρέσεις
1621 5384 1723 5444 τὰς
1754 5382 1942 5435 ἐπάνω

367 5484 646 5552 κειμένας,
705 5480 876 5551 ήγουν
912 5478 1014 5541 τὰς
1066 5477 1167 5547 ἤδη
1225 5475 1483 5547 ῥηθείσας
1531 5474 1827 5538 διαστίξεις
1883 5474 1942 5526 ἐν

369 5576 446 5647 τῷ
481 5575 694 5644 ἑϐδόμῳ
712 5575 807 5626 καὶ
849 5572 1024 5642 ὀγδόῳ
1061 5570 1156 5624 καὶ
1179 5570 1387 5639 ἐννάτῳ
1422 5568 1610 5621 κανόνι
1648 5567 1750 5636 τῆς
1785 5565 1941 5619 συνό-

365 5669 458 5722 δου
481 5667 708 5734 ταύτης.
741 5665 851 5717 Καὶ
886 5666 934 5717 εί
969 5664 1069 5736 μὲν
1091 5661 1433 5733 καλούμενος
1464 5664 1550 5731 εῐη
1585 5660 1739 5731 παρὰ
1785 5659 1942 5730 βασι-

364 5762 524 5822 λέκς,
557 5756 634 5827 μὴ
656 5755 1001 5827 ἐμποδίζοιτο
1027 5755 1249 5810 ἀπιέναι
1277 5756 1374 5808 ἰεί
1414 5754 1471 5807 δέ
1502 5771 1605 5809 που
1639 5755 1940 5823 ἀπέρχεται

366 5851 679 5918 ἐπιδείξεως
735 5851 915 5924 χάριν,
965 5849 1107 5905 ὥστε
1157 5848 1532 5915 ἐπιδείξασθαι
1594 5849 1688 5904 καὶ
1723 5847 1933 5916 διδάξαι

2050 4658 2155 4711 viis
2190 4666 2317 4712 sunt
2348 4654 2606 4726 publicis,
2642 4654 2757 4709 sive
2801 4653 3002 4721 canali,
3050 4669 3150 4724 per
3181 4668 3301 4723 quae
3331 4656 3422 4723 qui
3456 4664 3637 4710 trans-

2044 4759 2175 4804 eunt
2227 4748 2346 4804 sine
2399 4747 2583 4802 labore
2640 4755 2943 4816 permeant,
2999 4756 3057 4800 ut
3118 4761 3258 4817 aqua
3325 4748 3521 4800 transit
3579 4748 3635 4802 in

2046 4840 2390 4910 aqumductu.
2424 4836 2675 4908 (Canalis
2712 4838 2857 4892 enim
2892 4838 3245 4907 aquaeductus
3274 4838 3511 4892 dicitur:
3545 4846 3635 4892 est

2044 4940 2225 4985 autem
2243 4928 2547 4984 Romanum
2571 4927 2916 4997 vocabulum)
2944 4943 3066 4982 cum
3099 4929 3295 4982 viderit
3315 4929 3633 4997 episcopum

2046 5024 2233 5093 aliquo
2263 5020 2724 5093 proficiscentem,
2757 5035 2964 5092 quaerat
2997 5037 3219 5077 causam
3255 5023 3543 5084 adventus,
3577 5030 3637 5075 ea

2045 5129 2152 5184 quo
2170 5114 2365 5184 pergit,
2395 5122 2448 5169 et
2479 5129 2578 5168 cur
2603 5130 2618 5180 ;
2644 5122 2699 5168 et
2731 5128 2895 5168 causa
2922 5112 3390 5170 condemnationis
3422 5113 3641 5181 episco~

2046 5221 2237 5277 porum
2275 5206 2666 5274 prohibebitur.
2692 5206 2757 5260 Et
2779 5206 2825 5261 si
2856 5208 3169 5277 cognoverit
3188 5207 3403 5276 quidem
3428 5222 3551 5260 cum
3576 5205 3641 5262 im

2045 5309 2220 5353 castra
2254 5299 2546 5368 proﬁcisci,
2580 5301 2830 5371 exquirat
2882 5302 3222 5357 conditiones
3254 5303 3503 5372 superius
3538 5316 3643 5369 ρος

2044 5394 2199 5459 sitas,
2232 5408 2326 5447 seu
2346 5392 2458 5463 jam
2491 5392 2667 5449 dictas
2698 5393 3079 5448 distinctiones
3106 5393 3159 5447 in
3188 5392 3491 5448 canonibus
3518 5394 3572 5456 7,
3597 5393 3643 5449 ἃ

2044 5493 2100 5538 et
2120 5482 2153 5538 9
2177 5482 2338 5552 hujus
2356 5483 2572 5551 synodi.
2608 5482 2675 5537 Et
2698 5483 2743 5537 si
2777 5482 2940 5536 fuerit
2967 5484 3185 5552 quidem
3216 5483 3283 5537 ab
3307 5484 3640 5552 imperatore

2044 5575 2362 5639 accersitus,
2402 5590 2470 5629 ne
2498 5576 2824 5645 impediatur
2852 5575 3005 5629 abire
3040 5591 3057 5629 :
3110 5575 3196 5631 sin
3230 5586 3409 5630 autem
3444 5587 3637 5631 osten-

2046 5668 2264 5722 tationis
2291 5670 2467 5738 gratia
2521 5668 2700 5737 aliquo
2735 5666 3122 5738 proﬁciscitur,
3177 5678 3237 5722 ut
3293 5682 3353 5722 se
3390 5677 3632 5724 ostentet

2043 5769 2098 5813 et
2141 5760 2337 5815 doceat
2365 5760 2419 5815 in
2452 5759 2628 5815 aliena
2659 5761 2904 5831 civitate,
2944 5770 2999 5817 et
3026 5762 3365 5833 episcopum,
3400 5762 3491 5830 qui
3520 5760 3638 5817 illic

2046 5854 2372 5911 constitutus
2399 5861 2482 5910 est
2511 5853 2779 5931 dedecore
2810 5855 3044 5925 alliciat;
3098 5863 3190 5913 aut
3226 5855 3278 5912 in
3311 5864 3488 5911 castra
3516 5854 3641 5911 sive
