  <div class='ocr_page' id='page_1' title='image "/cluster/home/n/w/nwhite01/storage/ocr_20150623/137:no.1/coo.31924054870427/751.png"; bbox 0 0 4052 6402; ppageno 0'>
   <div class='ocr_carea' id='block_1_1' title="bbox 466 325 600 393">
    <p class='ocr_par' dir='ltr' id='par_1_1' title="bbox 466 325 600 393">
     <span class='ocr_line' id='line_1_1' title="bbox 466 325 600 393; baseline 0.045 -6"><span class='ocrx_word' id='word_1_1' title='bbox 466 325 600 393; x_wconf 73' lang='grc'><strong>1495</strong></span> 
     </span>
    </p>
   </div>
   <div class='ocr_carea' id='block_1_2' title="bbox 1717 352 2446 420">
    <p class='ocr_par' dir='ltr' id='par_1_2' title="bbox 1717 352 2446 420">
     <span class='ocr_line' id='line_1_2' title="bbox 1717 352 2446 420; baseline 0.007 -7"><span class='ocrx_word' id='word_1_2' title='bbox 1717 352 1996 415; x_wconf 82' lang='grc' dir='ltr'><strong>ΤΙΙΕΟΙ).</strong></span> <span class='ocrx_word' id='word_1_3' title='bbox 2044 354 2446 420; x_wconf 68' lang='lat' dir='ltr'><strong>BALSAMON</strong></span> 
     </span>
    </p>
   </div>
   <div class='ocr_carea' id='block_1_3' title="bbox 3581 374 3723 438">
    <p class='ocr_par' dir='ltr' id='par_1_3' title="bbox 3581 374 3723 438">
     <span class='ocr_line' id='line_1_3' title="bbox 3581 374 3723 438; baseline 0 -1"><span class='ocrx_word' id='word_1_4' title='bbox 3581 374 3723 438; x_wconf 60' lang='lat' dir='ltr'><strong>i496</strong></span> 
     </span>
    </p>
   </div>
   <div class='ocr_carea' id='block_1_4' title="bbox 454 445 2008 551">
    <p class='ocr_par' dir='ltr' id='par_1_4' title="bbox 454 445 2008 536">
     <span class='ocr_line' id='line_1_4' title="bbox 454 445 2008 536; baseline 0.019 -44"><span class='ocrx_word' id='word_1_5' title='bbox 454 445 522 496; x_wconf 80' lang='lat' dir='ltr'><strong>ad</strong></span> <span class='ocrx_word' id='word_1_6' title='bbox 560 445 942 515; x_wconf 89' lang='lat' dir='ltr'><strong>imperatorem</strong></span> <span class='ocrx_word' id='word_1_7' title='bbox 973 452 1356 525; x_wconf 86' lang='lat' dir='ltr'><strong>proﬁciscitur,</strong></span> <span class='ocrx_word' id='word_1_8' title='bbox 1394 473 1583 528; x_wconf 79' lang='lat' dir='ltr'><strong>preces</strong></span> <span class='ocrx_word' id='word_1_9' title='bbox 1614 477 1709 520; x_wconf 87' lang='lat' dir='ltr'><strong>seu</strong></span> <span class='ocrx_word' id='word_1_10' title='bbox 1750 468 2008 536; x_wconf 90' lang='lat' dir='ltr'><strong>petitione</strong></span> 
     </span>
    </p>
   </div>
   <div class='ocr_carea' id='block_1_5' title="bbox 2106 445 3726 551">
    <p class='ocr_par' dir='ltr' id='par_1_5' title="bbox 2106 471 3726 551">
     <span class='ocr_line' id='line_1_5' title="bbox 2106 471 3726 551; baseline 0.014 -30"><span class='ocrx_word' id='word_1_11' title='bbox 2106 510 2111 530; x_wconf 68' lang='lat'><strong>,</strong></span> <span class='ocrx_word' id='word_1_12' title='bbox 2142 471 2201 523; x_wconf 85' lang='grc' dir='ltr'><strong>ἐν</strong></span> <span class='ocrx_word' id='word_1_13' title='bbox 2231 472 2368 545; x_wconf 84' lang='grc' dir='ltr'><strong>ἄλλῃ</strong></span> <span class='ocrx_word' id='word_1_14' title='bbox 2398 475 2576 538; x_wconf 72' lang='grc' dir='ltr'><strong>πόλει,</strong></span> <span class='ocrx_word' id='word_1_15' title='bbox 2609 477 2699 529; x_wconf 73' lang='grc' dir='ltr'><strong>καὶ</strong></span> <span class='ocrx_word' id='word_1_16' title='bbox 2737 480 3099 551; x_wconf 67' lang='grc' dir='ltr'><strong>καταισχῦναι</strong></span> <span class='ocrx_word' id='word_1_17' title='bbox 3130 483 3222 537; x_wconf 72' lang='grc' dir='ltr'><strong>τὸν</strong></span> <span class='ocrx_word' id='word_1_18' title='bbox 3254 485 3372 540; x_wconf 77' lang='grc' dir='ltr'><strong>ἐκεῖ</strong></span> <span class='ocrx_word' id='word_1_19' title='bbox 3396 488 3726 543; x_wconf 74' lang='grc' dir='ltr'><strong>καθεστῶτα</strong></span> 
     </span>
    </p>
   </div>
   <div class='ocr_carea' id='block_1_6' title="bbox 452 538 2033 631">
    <p class='ocr_par' dir='ltr' id='par_1_6' title="bbox 452 538 2033 631">
     <span class='ocr_line' id='line_1_6' title="bbox 452 538 2033 631; baseline 0.018 -42"><span class='ocrx_word' id='word_1_20' title='bbox 452 538 774 608; x_wconf 89' lang='lat' dir='ltr'><strong>oblaturus;</strong></span> <span class='ocrx_word' id='word_1_21' title='bbox 836 560 934 599; x_wconf 90' lang='lat' dir='ltr'><strong>nec</strong></span> <span class='ocrx_word' id='word_1_22' title='bbox 966 547 1159 605; x_wconf 88' lang='lat' dir='ltr'><strong>litteris</strong></span> <span class='ocrx_word' id='word_1_23' title='bbox 1217 550 1339 620; x_wconf 86' lang='lat' dir='ltr'><strong>ejus</strong></span> <span class='ocrx_word' id='word_1_24' title='bbox 1395 555 1728 626; x_wconf 88' lang='lat' dir='ltr'><strong>subscribat,</strong></span> <span class='ocrx_word' id='word_1_25' title='bbox 1792 562 2033 631; x_wconf 87' lang='lat' dir='ltr'><strong>paciﬁcis</strong></span> 
     </span>
    </p>
   </div>
   <div class='ocr_carea' id='block_1_7' title="bbox 452 628 2033 724">
    <p class='ocr_par' dir='ltr' id='par_1_7' title="bbox 452 628 2033 724">
     <span class='ocr_line' id='line_1_7' title="bbox 452 628 2033 724; baseline 0.016 -43"><span class='ocrx_word' id='word_1_26' title='bbox 452 628 659 684; x_wconf 90' lang='lat' dir='ltr'><strong>scilicet</strong></span> <span class='ocrx_word' id='word_1_27' title='bbox 688 631 909 701; x_wconf 76' lang='lat' dir='ltr'><strong>litteris,</strong></span> <span class='ocrx_word' id='word_1_28' title='bbox 940 651 1036 692; x_wconf 89' lang='lat' dir='ltr'><strong>nec</strong></span> <span class='ocrx_word' id='word_1_29' title='bbox 1059 654 1179 694; x_wconf 92' lang='lat' dir='ltr'><strong>cum</strong></span> <span class='ocrx_word' id='word_1_30' title='bbox 1207 658 1272 697; x_wconf 92' lang='lat' dir='ltr'><strong>eo</strong></span> <span class='ocrx_word' id='word_1_31' title='bbox 1297 649 1695 718; x_wconf 78' lang='lat' dir='ltr'><strong>communicet,</strong></span> <span class='ocrx_word' id='word_1_32' title='bbox 1722 661 1780 705; x_wconf 82' lang='grc' dir='ltr'><strong>ιιι</strong></span> <span class='ocrx_word' id='word_1_33' title='bbox 1804 652 1895 722; x_wconf 89' lang='lat' dir='ltr'><strong>qui</strong></span> <span class='ocrx_word' id='word_1_34' title='bbox 1920 652 2033 724; x_wconf 91' lang='lat' dir='ltr'><strong>jam</strong></span> 
     </span>
    </p>
   </div>
   <div class='ocr_carea' id='block_1_8' title="bbox 448 719 2028 799">
    <p class='ocr_par' dir='ltr' id='par_1_8' title="bbox 448 719 2028 799">
     <span class='ocr_line' id='line_1_8' title="bbox 448 719 2028 799; baseline 0.016 -25"><span class='ocrx_word' id='word_1_35' title='bbox 448 719 521 774; x_wconf 90' lang='lat' dir='ltr'><strong>sit</strong></span> <span class='ocrx_word' id='word_1_36' title='bbox 550 735 579 773; x_wconf 90' lang='lat' dir='ltr'><strong>a</strong></span> <span class='ocrx_word' id='word_1_37' title='bbox 605 736 814 779; x_wconf 83' lang='lat' dir='ltr'><strong>canone</strong></span> <span class='ocrx_word' id='word_1_38' title='bbox 847 726 1144 799; x_wconf 90' lang='lat' dir='ltr'><strong>depositus.</strong></span> <span class='ocrx_word' id='word_1_39' title='bbox 1180 733 1397 791; x_wconf 77' lang='lat' dir='ltr'><strong>Dictum</strong></span> <span class='ocrx_word' id='word_1_40' title='bbox 1430 746 1516 793; x_wconf 90' lang='lat' dir='ltr'><strong>est</strong></span> <span class='ocrx_word' id='word_1_41' title='bbox 1554 740 1700 796; x_wconf 90' lang='lat' dir='ltr'><strong>enim</strong></span> <span class='ocrx_word' id='word_1_42' title='bbox 1730 742 1781 797; x_wconf 92' lang='lat' dir='ltr'><strong>in</strong></span> <span class='ocrx_word' id='word_1_43' title='bbox 1815 743 2028 799; x_wconf 87' lang='lat' dir='ltr'><strong>decimo</strong></span> 
     </span>
    </p>
   </div>
   <div class='ocr_carea' id='block_1_9' title="bbox 449 813 2030 904">
    <p class='ocr_par' dir='ltr' id='par_1_9' title="bbox 449 813 2030 904">
     <span class='ocr_line' id='line_1_9' title="bbox 449 813 2030 904; baseline 0.018 -42"><span class='ocrx_word' id='word_1_44' title='bbox 449 825 655 869; x_wconf 77' lang='lat' dir='ltr'><strong>canone</strong></span> <span class='ocrx_word' id='word_1_45' title='bbox 685 813 1040 875; x_wconf 66' lang='lat' dir='ltr'><strong>Antiochenaa</strong></span> <span class='ocrx_word' id='word_1_46' title='bbox 1078 827 1307 894; x_wconf 82' lang='lat' dir='ltr'><strong>synodi,</strong></span> <span class='ocrx_word' id='word_1_47' title='bbox 1361 843 1470 884; x_wconf 87' lang='lat' dir='ltr'><strong>non</strong></span> <span class='ocrx_word' id='word_1_48' title='bbox 1501 844 1664 901; x_wconf 81' lang='lat' dir='ltr'><strong>posse</strong></span> <span class='ocrx_word' id='word_1_49' title='bbox 1689 834 1922 904; x_wconf 87' lang='lat' dir='ltr'><strong>aliquem</strong></span> <span class='ocrx_word' id='word_1_50' title='bbox 1960 836 2030 892; x_wconf 89' lang='lat' dir='ltr'><strong>ad</strong></span> 
     </span>
    </p>
   </div>
   <div class='ocr_carea' id='block_1_10' title="bbox 449 900 2030 998">
    <p class='ocr_par' dir='ltr' id='par_1_10' title="bbox 449 900 2030 998">
     <span class='ocr_line' id='line_1_10' title="bbox 449 900 2030 998; baseline 0.019 -45"><span class='ocrx_word' id='word_1_51' title='bbox 449 900 829 971; x_wconf 82' lang='lat' dir='ltr'><strong>imperatorem</strong></span> <span class='ocrx_word' id='word_1_52' title='bbox 859 911 1151 981; x_wconf 91' lang='lat' dir='ltr'><strong>proﬁcisci,</strong></span> <span class='ocrx_word' id='word_1_53' title='bbox 1186 914 1351 989; x_wconf 73' lang='lat'><strong>508</strong></span> <span class='ocrx_word' id='word_1_54' title='bbox 1378 920 1481 976; x_wconf 88' lang='lat' dir='ltr'><strong>nisi</strong></span> <span class='ocrx_word' id='word_1_55' title='bbox 1504 900 1726 980; x_wconf 87' lang='lat' dir='ltr'><strong>litteras</strong></span> <span class='ocrx_word' id='word_1_56' title='bbox 1757 900 2030 998; x_wconf 80' lang='lat' dir='ltr'><strong>metropo-</strong></span> 
     </span>
    </p>
   </div>
   <div class='ocr_carea' id='block_1_11' title="bbox 447 995 2030 1081">
    <p class='ocr_par' dir='ltr' id='par_1_11' title="bbox 447 995 2030 1081">
     <span class='ocr_line' id='line_1_11' title="bbox 447 995 2030 1081; baseline 0.018 -34"><span class='ocrx_word' id='word_1_57' title='bbox 447 995 602 1051; x_wconf 90' lang='lat' dir='ltr'><strong>litani</strong></span> <span class='ocrx_word' id='word_1_58' title='bbox 635 1000 950 1068; x_wconf 70' lang='lat' dir='ltr'><strong>provinciae,</strong></span> <span class='ocrx_word' id='word_1_59' title='bbox 997 1013 1050 1059; x_wconf 91' lang='lat' dir='ltr'><strong>et</strong></span> <span class='ocrx_word' id='word_1_60' title='bbox 1083 1006 1201 1078; x_wconf 81' lang='lat' dir='ltr'><strong>ejus</strong></span> <span class='ocrx_word' id='word_1_61' title='bbox 1232 1010 1633 1081; x_wconf 87' lang='lat' dir='ltr'><strong>episcoporum,</strong></span> <span class='ocrx_word' id='word_1_62' title='bbox 1685 1016 1916 1075; x_wconf 73' lang='lat' dir='ltr'><strong>afferat:</strong></span> <span class='ocrx_word' id='word_1_63' title='bbox 1983 1021 2030 1076; x_wconf 88' lang='lat' dir='ltr'><strong>is</strong></span> 
     </span>
    </p>
   </div>
   <div class='ocr_carea' id='block_1_12' title="bbox 451 1090 2026 1173">
    <p class='ocr_par' dir='ltr' id='par_1_12' title="bbox 451 1090 2026 1173">
     <span class='ocr_line' id='line_1_12' title="bbox 451 1090 2026 1173; baseline 0.019 -36"><span class='ocrx_word' id='word_1_64' title='bbox 451 1092 631 1141; x_wconf 88' lang='lat' dir='ltr'><strong>autem</strong></span> <span class='ocrx_word' id='word_1_65' title='bbox 659 1090 753 1158; x_wconf 85' lang='lat' dir='ltr'><strong>qui</strong></span> <span class='ocrx_word' id='word_1_66' title='bbox 782 1106 886 1146; x_wconf 89' lang='lat' dir='ltr'><strong>non</strong></span> <span class='ocrx_word' id='word_1_67' title='bbox 912 1093 986 1148; x_wconf 84' lang='lat' dir='ltr'><strong>ita</strong></span> <span class='ocrx_word' id='word_1_68' title='bbox 1015 1093 1170 1165; x_wconf 78' lang='lat' dir='ltr'><strong>facit,</strong></span> <span class='ocrx_word' id='word_1_69' title='bbox 1199 1115 1228 1154; x_wconf 92' lang='lat' dir='ltr'><strong>a</strong></span> <span class='ocrx_word' id='word_1_70' title='bbox 1266 1102 1532 1173; x_wconf 84' lang='lat' dir='ltr'><strong>dignitate</strong></span> <span class='ocrx_word' id='word_1_71' title='bbox 1579 1107 1816 1163; x_wconf 76' lang='lat' dir='ltr'><strong>excidat.</strong></span> <span class='ocrx_word' id='word_1_72' title='bbox 1852 1110 1918 1164; x_wconf 87' lang='lat' dir='ltr'><strong>Et</strong></span> <span class='ocrx_word' id='word_1_73' title='bbox 1967 1111 2026 1167; x_wconf 90' lang='lat' dir='ltr'><strong>in</strong></span> 
     </span>
    </p>
   </div>
   <div class='ocr_carea' id='block_1_13' title="bbox 449 1175 2024 1271">
    <p class='ocr_par' dir='ltr' id='par_1_13' title="bbox 449 1175 2024 1271">
     <span class='ocr_line' id='line_1_13' title="bbox 449 1175 2024 1271; baseline 0.019 -43"><span class='ocrx_word' id='word_1_74' title='bbox 449 1175 536 1231; x_wconf 88' lang='lat' dir='ltr'><strong>his</strong></span> <span class='ocrx_word' id='word_1_75' title='bbox 565 1179 783 1248; x_wconf 82' lang='lat' dir='ltr'><strong>quidem</strong></span> <span class='ocrx_word' id='word_1_76' title='bbox 813 1185 1062 1240; x_wconf 83' lang='lat' dir='ltr'><strong>consistit</strong></span> <span class='ocrx_word' id='word_1_77' title='bbox 1094 1203 1293 1248; x_wconf 81' lang='lat' dir='ltr'><strong>canon.</strong></span> <span class='ocrx_word' id='word_1_78' title='bbox 1323 1193 1587 1251; x_wconf 82' lang='lat' dir='ltr'><strong>Existimo</strong></span> <span class='ocrx_word' id='word_1_79' title='bbox 1628 1207 1809 1255; x_wconf 89' lang='lat' dir='ltr'><strong>autem</strong></span> <span class='ocrx_word' id='word_1_80' title='bbox 1832 1239 1848 1265; x_wconf 89' lang='lat'><strong>,</strong></span> <span class='ocrx_word' id='word_1_81' title='bbox 1880 1203 2024 1271; x_wconf 89' lang='lat' dir='ltr'><strong>quod</strong></span> 
     </span>
    </p>
   </div>
   <div class='ocr_carea' id='block_1_14' title="bbox 446 1266 2026 1359">
    <p class='ocr_par' dir='ltr' id='par_1_14' title="bbox 446 1266 2026 1359">
     <span class='ocr_line' id='line_1_14' title="bbox 446 1266 2026 1359; baseline 0.018 -38"><span class='ocrx_word' id='word_1_82' title='bbox 446 1266 551 1322; x_wconf 86' lang='lat' dir='ltr'><strong>illis</strong></span> <span class='ocrx_word' id='word_1_83' title='bbox 576 1270 844 1342; x_wconf 88' lang='lat' dir='ltr'><strong>episcopis</strong></span> <span class='ocrx_word' id='word_1_84' title='bbox 874 1289 1199 1335; x_wconf 84' lang='lat' dir='ltr'><strong>concessum</strong></span> <span class='ocrx_word' id='word_1_85' title='bbox 1249 1291 1331 1338; x_wconf 89' lang='lat' dir='ltr'><strong>est</strong></span> <span class='ocrx_word' id='word_1_86' title='bbox 1364 1290 1759 1345; x_wconf 87' lang='lat' dir='ltr'><strong>transeuntium</strong></span> <span class='ocrx_word' id='word_1_87' title='bbox 1815 1292 2026 1359; x_wconf 84' lang='lat' dir='ltr'><strong>episco-</strong></span> 
     </span>
    </p>
   </div>
   <div class='ocr_carea' id='block_1_15' title="bbox 444 1366 2025 1454">
    <p class='ocr_par' dir='ltr' id='par_1_15' title="bbox 444 1366 2025 1454">
     <span class='ocr_line' id='line_1_15' title="bbox 444 1366 2025 1454; baseline 0.018 -44"><span class='ocrx_word' id='word_1_88' title='bbox 444 1372 635 1424; x_wconf 92' lang='lat' dir='ltr'><strong>porum</strong></span> <span class='ocrx_word' id='word_1_89' title='bbox 672 1376 871 1421; x_wconf 87' lang='lat' dir='ltr'><strong>causas</strong></span> <span class='ocrx_word' id='word_1_90' title='bbox 904 1366 1122 1425; x_wconf 92' lang='lat' dir='ltr'><strong>curiose</strong></span> <span class='ocrx_word' id='word_1_91' title='bbox 1152 1372 1434 1444; x_wconf 84' lang='lat' dir='ltr'><strong>indagare,</strong></span> <span class='ocrx_word' id='word_1_92' title='bbox 1485 1378 1577 1447; x_wconf 90' lang='lat' dir='ltr'><strong>qui</strong></span> <span class='ocrx_word' id='word_1_93' title='bbox 1621 1379 1821 1435; x_wconf 86' lang='lat' dir='ltr'><strong>habent</strong></span> <span class='ocrx_word' id='word_1_94' title='bbox 1848 1382 1940 1454; x_wconf 84' lang='lat' dir='ltr'><strong>jus</strong></span> <span class='ocrx_word' id='word_1_95' title='bbox 1971 1383 2025 1439; x_wconf 90' lang='lat' dir='ltr'><strong>in</strong></span> 
     </span>
    </p>
   </div>
   <div class='ocr_carea' id='block_1_16' title="bbox 444 1450 2023 1538">
    <p class='ocr_par' dir='ltr' id='par_1_16' title="bbox 444 1450 2023 1538">
     <span class='ocr_line' id='line_1_16' title="bbox 444 1450 2023 1538; baseline 0.018 -36"><span class='ocrx_word' id='word_1_96' title='bbox 444 1450 585 1516; x_wconf 83' lang='lat' dir='ltr'><strong>illos,</strong></span> <span class='ocrx_word' id='word_1_97' title='bbox 616 1457 1051 1525; x_wconf 82' lang='lat' dir='ltr'><strong>tnetrOpoiit:mis</strong></span> <span class='ocrx_word' id='word_1_98' title='bbox 1079 1463 1288 1519; x_wconf 88' lang='lat' dir='ltr'><strong>scilicet</strong></span> <span class='ocrx_word' id='word_1_99' title='bbox 1315 1475 1371 1521; x_wconf 85' lang='lat' dir='ltr'><strong>et</strong></span> <span class='ocrx_word' id='word_1_100' title='bbox 1413 1470 1758 1538; x_wconf 87' lang='lat' dir='ltr'><strong>patriarchis.</strong></span> <span class='ocrx_word' id='word_1_101' title='bbox 1793 1473 1848 1529; x_wconf 88' lang='lat' dir='ltr'><strong>Si</strong></span> <span class='ocrx_word' id='word_1_102' title='bbox 1877 1475 2023 1530; x_wconf 90' lang='lat' dir='ltr'><strong>enim</strong></span> 
     </span>
    </p>
   </div>
   <div class='ocr_carea' id='block_1_17' title="bbox 445 1550 2021 1636">
    <p class='ocr_par' dir='ltr' id='par_1_17' title="bbox 445 1550 2021 1636">
     <span class='ocr_line' id='line_1_17' title="bbox 445 1550 2021 1636; baseline 0.017 -40"><span class='ocrx_word' id='word_1_103' title='bbox 445 1556 555 1597; x_wconf 87' lang='lat' dir='ltr'><strong>non</strong></span> <span class='ocrx_word' id='word_1_104' title='bbox 589 1553 673 1599; x_wconf 85' lang='lat' dir='ltr'><strong>est</strong></span> <span class='ocrx_word' id='word_1_105' title='bbox 719 1550 940 1605; x_wconf 87' lang='lat' dir='ltr'><strong>omnino</strong></span> <span class='ocrx_word' id='word_1_106' title='bbox 991 1553 1288 1624; x_wconf 78' lang='lat' dir='ltr'><strong>subjectus,</strong></span> <span class='ocrx_word' id='word_1_107' title='bbox 1338 1558 1431 1628; x_wconf 93' lang='lat' dir='ltr'><strong>qui</strong></span> <span class='ocrx_word' id='word_1_108' title='bbox 1483 1564 1678 1617; x_wconf 86' lang='lat' dir='ltr'><strong>transit</strong></span> <span class='ocrx_word' id='word_1_109' title='bbox 1714 1565 2021 1636; x_wconf 86' lang='lat' dir='ltr'><strong>episcopus,</strong></span> 
     </span>
    </p>
   </div>
   <div class='ocr_carea' id='block_1_18' title="bbox 441 1636 2022 1715">
    <p class='ocr_par' dir='ltr' id='par_1_18' title="bbox 441 1636 2022 1715">
     <span class='ocr_line' id='line_1_18' title="bbox 441 1636 2022 1715; baseline 0.018 -29"><span class='ocrx_word' id='word_1_110' title='bbox 441 1636 673 1691; x_wconf 84' lang='lat' dir='ltr'><strong>antistiti</strong></span> <span class='ocrx_word' id='word_1_111' title='bbox 699 1638 788 1705; x_wconf 85' lang='lat' dir='ltr'><strong>qui</strong></span> <span class='ocrx_word' id='word_1_112' title='bbox 836 1648 924 1696; x_wconf 89' lang='lat' dir='ltr'><strong>est</strong></span> <span class='ocrx_word' id='word_1_113' title='bbox 956 1643 1007 1697; x_wconf 94' lang='lat' dir='ltr'><strong>in</strong></span> <span class='ocrx_word' id='word_1_114' title='bbox 1042 1646 1299 1713; x_wconf 80' lang='lat' dir='ltr'><strong>transitu,</strong></span> <span class='ocrx_word' id='word_1_115' title='bbox 1352 1664 1459 1704; x_wconf 73' lang='lat' dir='ltr'><strong>non</strong></span> <span class='ocrx_word' id='word_1_116' title='bbox 1497 1654 1905 1711; x_wconf 73' lang='lat' dir='ltr'><strong>examinabitur</strong></span> <span class='ocrx_word' id='word_1_117' title='bbox 1953 1660 2022 1715; x_wconf 86' lang='lat' dir='ltr'><strong>de</strong></span> 
     </span>
    </p>
   </div>
   <div class='ocr_carea' id='block_1_19' title="bbox 438 1726 2023 1815">
    <p class='ocr_par' dir='ltr' id='par_1_19' title="bbox 438 1726 2023 1815">
     <span class='ocr_line' id='line_1_19' title="bbox 438 1726 2023 1815; baseline 0.015 -37"><span class='ocrx_word' id='word_1_118' title='bbox 438 1726 611 1780; x_wconf 90' lang='lat' dir='ltr'><strong>aditu.</strong></span> <span class='ocrx_word' id='word_1_119' title='bbox 662 1728 729 1783; x_wconf 83' lang='lat' dir='ltr'><strong>Ut</strong></span> <span class='ocrx_word' id='word_1_120' title='bbox 779 1730 825 1784; x_wconf 89' lang='lat' dir='ltr'><strong>si</strong></span> <span class='ocrx_word' id='word_1_121' title='bbox 862 1733 1150 1804; x_wconf 88' lang='lat' dir='ltr'><strong>episcopus</strong></span> <span class='ocrx_word' id='word_1_122' title='bbox 1203 1734 1453 1793; x_wconf 81' lang='lat' dir='ltr'><strong>Examilii</strong></span> <span class='ocrx_word' id='word_1_123' title='bbox 1498 1742 1583 1795; x_wconf 86' lang='lat' dir='ltr'><strong>vel</strong></span> <span class='ocrx_word' id='word_1_124' title='bbox 1634 1741 1895 1813; x_wconf 59' lang='lat' dir='ltr'><strong>Redesti,</strong></span> <span class='ocrx_word' id='word_1_125' title='bbox 1928 1761 2023 1815; x_wconf 83' lang='lat' dir='ltr'><strong>per</strong></span> 
     </span>
    </p>
   </div>
   <div class='ocr_carea' id='block_1_20' title="bbox 437 1812 2093 1913">
    <p class='ocr_par' dir='ltr' id='par_1_20' title="bbox 437 1812 2093 1913">
     <span class='ocr_line' id='line_1_20' title="bbox 437 1812 2093 1913; baseline 0.016 -47"><span class='ocrx_word' id='word_1_126' title='bbox 437 1812 751 1870; x_wconf 78' lang='lat' dir='ltr'><strong>Heracleam</strong></span> <span class='ocrx_word' id='word_1_127' title='bbox 784 1818 1055 1889; x_wconf 67' lang='lat' dir='ltr'><strong>Thraciae,</strong></span> <span class='ocrx_word' id='word_1_128' title='bbox 1081 1824 1149 1879; x_wconf 86' lang='lat' dir='ltr'><strong>ad</strong></span> <span class='ocrx_word' id='word_1_129' title='bbox 1179 1826 1401 1882; x_wconf 79' lang='lat' dir='ltr'><strong>urbium</strong></span> <span class='ocrx_word' id='word_1_130' title='bbox 1446 1831 1689 1901; x_wconf 85' lang='lat' dir='ltr'><strong>reginam</strong></span> <span class='ocrx_word' id='word_1_131' title='bbox 1727 1812 2014 1903; x_wconf 81' lang='lat' dir='ltr'><strong>pervadat,</strong></span> <span class='ocrx_word' id='word_1_132' title='bbox 2050 1812 2093 1869; x_wconf 70' lang='grc' dir='ltr'><strong>Β</strong></span> 
     </span>
    </p>
   </div>
   <div class='ocr_carea' id='block_1_21' title="bbox 435 1914 2014 1983">
    <p class='ocr_par' dir='ltr' id='par_1_21' title="bbox 435 1914 2014 1983">
     <span class='ocr_line' id='line_1_21' title="bbox 435 1914 2014 1983; baseline 0.015 -26"><span class='ocrx_word' id='word_1_133' title='bbox 435 1915 583 1960; x_wconf 89' lang='lat' dir='ltr'><strong>recte</strong></span> <span class='ocrx_word' id='word_1_134' title='bbox 615 1922 645 1961; x_wconf 89' lang='lat' dir='ltr'><strong>a</strong></span> <span class='ocrx_word' id='word_1_135' title='bbox 675 1922 777 1965; x_wconf 88' lang='lat' dir='ltr'><strong>suo</strong></span> <span class='ocrx_word' id='word_1_136' title='bbox 809 1914 1254 1983; x_wconf 86' lang='lat' dir='ltr'><strong>metropolitano,</strong></span> <span class='ocrx_word' id='word_1_137' title='bbox 1282 1918 1496 1976; x_wconf 89' lang='lat' dir='ltr'><strong>scilicet</strong></span> <span class='ocrx_word' id='word_1_138' title='bbox 1528 1919 1802 1978; x_wconf 65' lang='lat' dir='ltr'><strong>Heracleae</strong></span> <span class='ocrx_word' id='word_1_139' title='bbox 1832 1927 2014 1981; x_wconf 64' lang='lat' dir='ltr'><strong>archi-</strong></span> 
     </span>
    </p>
   </div>
   <div class='ocr_carea' id='block_1_22' title="bbox 433 1995 2011 2085">
    <p class='ocr_par' dir='ltr' id='par_1_22' title="bbox 433 1995 2011 2085">
     <span class='ocr_line' id='line_1_22' title="bbox 433 1995 2011 2085; baseline 0.016 -36"><span class='ocrx_word' id='word_1_140' title='bbox 433 1995 710 2068; x_wconf 84' lang='lat' dir='ltr'><strong>episcopo,</strong></span> <span class='ocrx_word' id='word_1_141' title='bbox 740 2011 965 2071; x_wconf 77' lang='lat' dir='ltr'><strong>cogetur</strong></span> <span class='ocrx_word' id='word_1_142' title='bbox 993 2006 1175 2062; x_wconf 82' lang='lat' dir='ltr'><strong>dicere</strong></span> <span class='ocrx_word' id='word_1_143' title='bbox 1201 2023 1420 2076; x_wconf 87' lang='lat' dir='ltr'><strong>causas,</strong></span> <span class='ocrx_word' id='word_1_144' title='bbox 1454 2023 1676 2083; x_wconf 83' lang='lat' dir='ltr'><strong>pr0pter</strong></span> <span class='ocrx_word' id='word_1_145' title='bbox 1699 2031 1835 2085; x_wconf 86' lang='lat' dir='ltr'><strong>quas</strong></span> <span class='ocrx_word' id='word_1_146' title='bbox 1864 2017 2011 2075; x_wconf 72' lang='lat' dir='ltr'><strong>Con-</strong></span> 
     </span>
    </p>
   </div>
   <div class='ocr_carea' id='block_1_23' title="bbox 433 2089 2008 2176">
    <p class='ocr_par' dir='ltr' id='par_1_23' title="bbox 433 2089 2008 2176">
     <span class='ocr_line' id='line_1_23' title="bbox 433 2089 2008 2176; baseline 0.017 -35"><span class='ocrx_word' id='word_1_147' title='bbox 433 2089 844 2161; x_wconf 85' lang='lat' dir='ltr'><strong>stantinopolim</strong></span> <span class='ocrx_word' id='word_1_148' title='bbox 872 2095 1007 2163; x_wconf 86' lang='lat' dir='ltr'><strong>petit</strong></span> <span class='ocrx_word' id='word_1_149' title='bbox 1032 2113 1047 2151; x_wconf 89' lang='lat'>:</span> <span class='ocrx_word' id='word_1_150' title='bbox 1080 2098 1125 2154; x_wconf 90' lang='lat' dir='ltr'><strong>si</strong></span> <span class='ocrx_word' id='word_1_151' title='bbox 1154 2100 1283 2168; x_wconf 83' lang='lat' dir='ltr'><strong>quis</strong></span> <span class='ocrx_word' id='word_1_152' title='bbox 1299 2112 1477 2158; x_wconf 85' lang='lat' dir='ltr'><strong>autem</strong></span> <span class='ocrx_word' id='word_1_153' title='bbox 1507 2107 1814 2176; x_wconf 85' lang='lat' dir='ltr'><strong>episcopus,</strong></span> <span class='ocrx_word' id='word_1_154' title='bbox 1847 2109 2008 2167; x_wconf 88' lang='lat' dir='ltr'><strong>Thes-</strong></span> 
     </span>
    </p>
   </div>
   <div class='ocr_carea' id='block_1_24' title="bbox 431 2180 2016 2267">
    <p class='ocr_par' dir='ltr' id='par_1_24' title="bbox 431 2180 2016 2267">
     <span class='ocr_line' id='line_1_24' title="bbox 431 2180 2016 2267; baseline 0.016 -34"><span class='ocrx_word' id='word_1_155' title='bbox 431 2180 758 2239; x_wconf 80' lang='lat' dir='ltr'><strong>salonicensi</strong></span> <span class='ocrx_word' id='word_1_156' title='bbox 792 2188 1080 2258; x_wconf 88' lang='lat' dir='ltr'><strong>metropoli</strong></span> <span class='ocrx_word' id='word_1_157' title='bbox 1111 2190 1416 2261; x_wconf 85' lang='lat' dir='ltr'><strong>subjectus,</strong></span> <span class='ocrx_word' id='word_1_158' title='bbox 1471 2209 1568 2265; x_wconf 90' lang='lat' dir='ltr'><strong>per</strong></span> <span class='ocrx_word' id='word_1_159' title='bbox 1615 2197 1788 2267; x_wconf 87' lang='lat' dir='ltr'><strong>ipsam</strong></span> <span class='ocrx_word' id='word_1_160' title='bbox 1843 2199 2016 2258; x_wconf 78' lang='lat' dir='ltr'><strong>Hera-</strong></span> 
     </span>
    </p>
   </div>
   <div class='ocr_carea' id='block_1_25' title="bbox 430 2270 2009 2350">
    <p class='ocr_par' dir='ltr' id='par_1_25' title="bbox 430 2270 2009 2350">
     <span class='ocr_line' id='line_1_25' title="bbox 430 2270 2009 2350; baseline 0.015 -27"><span class='ocrx_word' id='word_1_161' title='bbox 430 2270 603 2326; x_wconf 77' lang='lat' dir='ltr'><strong>cleam</strong></span> <span class='ocrx_word' id='word_1_162' title='bbox 638 2275 704 2329; x_wconf 86' lang='lat' dir='ltr'><strong>ad</strong></span> <span class='ocrx_word' id='word_1_163' title='bbox 735 2276 949 2331; x_wconf 80' lang='lat' dir='ltr'><strong>urbium</strong></span> <span class='ocrx_word' id='word_1_164' title='bbox 980 2279 1222 2349; x_wconf 75' lang='lat' dir='ltr'><strong>reginam</strong></span> <span class='ocrx_word' id='word_1_165' title='bbox 1253 2284 1449 2350; x_wconf 83' lang='lat' dir='ltr'><strong>vadat,</strong></span> <span class='ocrx_word' id='word_1_166' title='bbox 1474 2298 1505 2338; x_wconf 85' lang='lat' dir='ltr'><strong>a</strong></span> <span class='ocrx_word' id='word_1_167' title='bbox 1539 2284 2009 2347; x_wconf 86' lang='lat' dir='ltr'><strong>Thessalonicensi</strong></span> 
     </span>
    </p>
   </div>
   <div class='ocr_carea' id='block_1_26' title="bbox 430 2362 2012 2438">
    <p class='ocr_par' dir='ltr' id='par_1_26' title="bbox 430 2362 2012 2438">
     <span class='ocr_line' id='line_1_26' title="bbox 430 2362 2012 2438; baseline 0.014 -22"><span class='ocrx_word' id='word_1_168' title='bbox 430 2362 646 2429; x_wconf 84' lang='lat' dir='ltr'><strong>quidem</strong></span> <span class='ocrx_word' id='word_1_169' title='bbox 674 2367 1107 2438; x_wconf 81' lang='lat' dir='ltr'><strong>examinabitur;</strong></span> <span class='ocrx_word' id='word_1_170' title='bbox 1137 2369 1470 2431; x_wconf 75' lang='lat' dir='ltr'><strong>Heracleam</strong></span> <span class='ocrx_word' id='word_1_171' title='bbox 1499 2390 1626 2433; x_wconf 79' lang='lat' dir='ltr'><strong>vero</strong></span> <span class='ocrx_word' id='word_1_172' title='bbox 1659 2394 1877 2435; x_wconf 89' lang='lat' dir='ltr'><strong>causam</strong></span> <span class='ocrx_word' id='word_1_173' title='bbox 1902 2397 2012 2438; x_wconf 90' lang='lat' dir='ltr'><strong>non</strong></span> 
     </span>
    </p>
   </div>
   <div class='ocr_carea' id='block_1_27' title="bbox 431 2452 2012 2533">
    <p class='ocr_par' dir='ltr' id='par_1_27' title="bbox 431 2452 2012 2533">
     <span class='ocr_line' id='line_1_27' title="bbox 431 2452 2012 2533; baseline 0.016 -30"><span class='ocrx_word' id='word_1_174' title='bbox 431 2452 596 2506; x_wconf 86' lang='lat' dir='ltr'><strong>dicet.</strong></span> <span class='ocrx_word' id='word_1_175' title='bbox 656 2452 963 2527; x_wconf 86' lang='lat' dir='ltr'><strong>Episcopos</strong></span> <span class='ocrx_word' id='word_1_176' title='bbox 996 2460 1168 2526; x_wconf 87' lang='lat' dir='ltr'><strong>enim,</strong></span> <span class='ocrx_word' id='word_1_177' title='bbox 1212 2462 1304 2531; x_wconf 88' lang='lat' dir='ltr'><strong>qui</strong></span> <span class='ocrx_word' id='word_1_178' title='bbox 1348 2470 1651 2533; x_wconf 91' lang='lat' dir='ltr'><strong>transeunt,</strong></span> <span class='ocrx_word' id='word_1_179' title='bbox 1687 2469 1773 2524; x_wconf 84' lang='lat' dir='ltr'><strong>sui</strong></span> <span class='ocrx_word' id='word_1_180' title='bbox 1803 2470 2012 2528; x_wconf 89' lang='lat' dir='ltr'><strong>itineris</strong></span> 
     </span>
    </p>
   </div>
   <div class='ocr_carea' id='block_1_28' title="bbox 429 2542 2010 2626">
    <p class='ocr_par' dir='ltr' id='par_1_28' title="bbox 429 2542 2010 2626">
     <span class='ocr_line' id='line_1_28' title="bbox 429 2542 2010 2626; baseline 0.015 -32"><span class='ocrx_word' id='word_1_181' title='bbox 429 2542 695 2599; x_wconf 73' lang='lat' dir='ltr'><strong>rationem</strong></span> <span class='ocrx_word' id='word_1_182' title='bbox 730 2547 957 2602; x_wconf 89' lang='lat' dir='ltr'><strong>reddere</strong></span> <span class='ocrx_word' id='word_1_183' title='bbox 984 2550 1134 2605; x_wconf 87' lang='lat' dir='ltr'><strong>omni</strong></span> <span class='ocrx_word' id='word_1_184' title='bbox 1168 2553 1442 2624; x_wconf 86' lang='lat' dir='ltr'><strong>episcopo,</strong></span> <span class='ocrx_word' id='word_1_185' title='bbox 1471 2558 1562 2626; x_wconf 84' lang='lat' dir='ltr'><strong>qui</strong></span> <span class='ocrx_word' id='word_1_186' title='bbox 1592 2567 1677 2613; x_wconf 83' lang='lat' dir='ltr'><strong>est</strong></span> <span class='ocrx_word' id='word_1_187' title='bbox 1710 2559 1766 2615; x_wconf 91' lang='lat' dir='ltr'><strong>in</strong></span> <span class='ocrx_word' id='word_1_188' title='bbox 1796 2562 2010 2626; x_wconf 86' lang='lat' dir='ltr'><strong>itinere,</strong></span> 
     </span>
    </p>
   </div>
   <div class='ocr_carea' id='block_1_29' title="bbox 439 2633 2013 2720">
    <p class='ocr_par' dir='ltr' id='par_1_29' title="bbox 439 2633 2013 2720">
     <span class='ocr_line' id='line_1_29' title="bbox 439 2633 2013 2720; baseline 0.018 -40"><span class='ocrx_word' id='word_1_189' title='bbox 439 2641 496 2685; x_wconf 84' lang='lat' dir='ltr'><strong>ut</strong></span> <span class='ocrx_word' id='word_1_190' title='bbox 529 2633 659 2686; x_wconf 91' lang='lat' dir='ltr'><strong>mihi</strong></span> <span class='ocrx_word' id='word_1_191' title='bbox 696 2635 917 2705; x_wconf 88' lang='lat' dir='ltr'><strong>quidem</strong></span> <span class='ocrx_word' id='word_1_192' title='bbox 950 2638 1181 2705; x_wconf 80' lang='lat' dir='ltr'><strong>videtur,</strong></span> <span class='ocrx_word' id='word_1_193' title='bbox 1207 2652 1289 2696; x_wconf 86' lang='lat' dir='ltr'><strong>est</strong></span> <span class='ocrx_word' id='word_1_194' title='bbox 1334 2647 1667 2703; x_wconf 87' lang='lat' dir='ltr'><strong>contrarium</strong></span> <span class='ocrx_word' id='word_1_195' title='bbox 1691 2653 2013 2720; x_wconf 83' lang='lat' dir='ltr'><strong>canonibus,</strong></span> 
     </span>
    </p>
   </div>
   <div class='ocr_carea' id='block_1_30' title="bbox 427 2726 2016 2802">
    <p class='ocr_par' dir='ltr' id='par_1_30' title="bbox 427 2726 2016 2802">
     <span class='ocr_line' id='line_1_30' title="bbox 427 2726 2016 2802; baseline 0.015 -24"><span class='ocrx_word' id='word_1_196' title='bbox 427 2726 843 2782; x_wconf 90' lang='lat' dir='ltr'><strong>decernentibus</strong></span> <span class='ocrx_word' id='word_1_197' title='bbox 867 2729 1292 2800; x_wconf 82' lang='lat' dir='ltr'><strong>incompetentes</strong></span> <span class='ocrx_word' id='word_1_198' title='bbox 1319 2737 1593 2794; x_wconf 76' lang='lat' dir='ltr'><strong>autiStites</strong></span> <span class='ocrx_word' id='word_1_199' title='bbox 1617 2756 1721 2795; x_wconf 90' lang='lat' dir='ltr'><strong>non</strong></span> <span class='ocrx_word' id='word_1_200' title='bbox 1739 2743 1936 2800; x_wconf 86' lang='lat' dir='ltr'><strong>debere</strong></span> <span class='ocrx_word' id='word_1_201' title='bbox 1957 2761 2016 2802; x_wconf 88' lang='lat' dir='ltr'><strong>se</strong></span> 
     </span>
    </p>
   </div>
   <div class='ocr_carea' id='block_1_31' title="bbox 427 2820 1751 2901">
    <p class='ocr_par' dir='ltr' id='par_1_31' title="bbox 427 2820 1751 2901">
     <span class='ocr_line' id='line_1_31' title="bbox 427 2820 1751 2901; baseline 0.014 -29"><span class='ocrx_word' id='word_1_202' title='bbox 427 2820 478 2874; x_wconf 90' lang='lat' dir='ltr'><strong>in</strong></span> <span class='ocrx_word' id='word_1_203' title='bbox 508 2834 707 2878; x_wconf 86' lang='lat' dir='ltr'><strong>causas</strong></span> <span class='ocrx_word' id='word_1_204' title='bbox 738 2822 1037 2880; x_wconf 89' lang='lat' dir='ltr'><strong>alienorum</strong></span> <span class='ocrx_word' id='word_1_205' title='bbox 1070 2828 1451 2898; x_wconf 83' lang='lat' dir='ltr'><strong>episcoporum</strong></span> <span class='ocrx_word' id='word_1_206' title='bbox 1482 2832 1751 2901; x_wconf 81' lang='lat' dir='ltr'><strong>ingerere.</strong></span> 
     </span>
    </p>
   </div>
   <div class='ocr_carea' id='block_1_32' title="bbox 2139 562 3723 650">
    <p class='ocr_par' dir='ltr' id='par_1_32' title="bbox 2139 562 3723 650">
     <span class='ocr_line' id='line_1_32' title="bbox 2139 562 3723 650; baseline 0.013 -39"><span class='ocrx_word' id='word_1_207' title='bbox 2139 562 2463 629; x_wconf 80' lang='grc' dir='ltr'><strong>ἐπίσκοπον,</strong></span> <span class='ocrx_word' id='word_1_208' title='bbox 2502 566 2533 636; x_wconf 82' lang='grc' dir='ltr'>ἢ</span> <span class='ocrx_word' id='word_1_209' title='bbox 2566 567 2659 619; x_wconf 83' lang='grc' dir='ltr'><strong>ἐπὶ</strong></span> <span class='ocrx_word' id='word_1_210' title='bbox 2705 569 2765 621; x_wconf 74' lang='grc' dir='ltr'><strong>τὸ</strong></span> <span class='ocrx_word' id='word_1_211' title='bbox 2824 574 3187 642; x_wconf 78' lang='grc' dir='ltr'><strong>στρατόπεδον</strong></span> <span class='ocrx_word' id='word_1_212' title='bbox 3231 576 3562 648; x_wconf 78' lang='grc' dir='ltr'><strong>πορεύεται,</strong></span> <span class='ocrx_word' id='word_1_213' title='bbox 3596 580 3723 650; x_wconf 69' lang='grc' dir='ltr'><strong>ἦτοι</strong></span> 
     </span>
    </p>
   </div>
   <div class='ocr_carea' id='block_1_33' title="bbox 2138 653 3720 742">
    <p class='ocr_par' dir='ltr' id='par_1_33' title="bbox 2138 653 3720 742">
     <span class='ocr_line' id='line_1_33' title="bbox 2138 653 3720 742; baseline 0.013 -36"><span class='ocrx_word' id='word_1_214' title='bbox 2138 653 2276 725; x_wconf 73' lang='grc' dir='ltr'><strong>πρὸς</strong></span> <span class='ocrx_word' id='word_1_215' title='bbox 2312 655 2541 725; x_wconf 80' lang='grc' dir='ltr'><strong>βασιλέα</strong></span> <span class='ocrx_word' id='word_1_216' title='bbox 2565 660 2808 727; x_wconf 76' lang='grc' dir='ltr'><strong>ἄπεισιν,</strong></span> <span class='ocrx_word' id='word_1_217' title='bbox 2837 663 3115 729; x_wconf 80' lang='grc' dir='ltr'><strong>ἀξιώσεις,</strong></span> <span class='ocrx_word' id='word_1_218' title='bbox 3137 669 3416 722; x_wconf 81' lang='grc' dir='ltr'><strong>τουτέστιν</strong></span> <span class='ocrx_word' id='word_1_219' title='bbox 3443 672 3720 742; x_wconf 68' lang='grc' dir='ltr'><strong>αἰτήσεις,</strong></span> 
     </span>
    </p>
   </div>
   <div class='ocr_carea' id='block_1_34' title="bbox 2137 744 3723 831">
    <p class='ocr_par' dir='ltr' id='par_1_34' title="bbox 2137 744 3723 831">
     <span class='ocr_line' id='line_1_34' title="bbox 2137 744 3723 831; baseline 0.012 -35"><span class='ocrx_word' id='word_1_220' title='bbox 2137 744 2482 816; x_wconf 86' lang='grc' dir='ltr'><strong>ποιούμενος,</strong></span> <span class='ocrx_word' id='word_1_221' title='bbox 2522 750 2659 821; x_wconf 86' lang='grc' dir='ltr'><strong>μήτε</strong></span> <span class='ocrx_word' id='word_1_222' title='bbox 2693 755 2803 816; x_wconf 77' lang='grc' dir='ltr'><strong>τοῖς</strong></span> <span class='ocrx_word' id='word_1_223' title='bbox 2868 756 3192 827; x_wconf 82' lang='grc' dir='ltr'><strong>γράμμασιν</strong></span> <span class='ocrx_word' id='word_1_224' title='bbox 3263 759 3434 813; x_wconf 81' lang='grc' dir='ltr'><strong>αὐτοῦ</strong></span> <span class='ocrx_word' id='word_1_225' title='bbox 3470 761 3723 831; x_wconf 80' lang='grc' dir='ltr'><strong>ὑπογρα-</strong></span> 
     </span>
    </p>
   </div>
   <div class='ocr_carea' id='block_1_35' title="bbox 2135 836 3719 923">
    <p class='ocr_par' dir='ltr' id='par_1_35' title="bbox 2135 836 3719 923">
     <span class='ocr_line' id='line_1_35' title="bbox 2135 836 3719 923; baseline 0.013 -36"><span class='ocrx_word' id='word_1_226' title='bbox 2135 836 2308 904; x_wconf 86' lang='grc' dir='ltr'><strong>φέτω,</strong></span> <span class='ocrx_word' id='word_1_227' title='bbox 2370 841 2493 900; x_wconf 86' lang='grc' dir='ltr'><strong>ταῖς</strong></span> <span class='ocrx_word' id='word_1_228' title='bbox 2538 843 2848 913; x_wconf 78' lang='grc' dir='ltr'><strong>εἰρηνικαῖς</strong></span> <span class='ocrx_word' id='word_1_229' title='bbox 2892 847 3138 918; x_wconf 77' lang='grc' dir='ltr'><strong>δηλονότι</strong></span> <span class='ocrx_word' id='word_1_230' title='bbox 3182 852 3515 919; x_wconf 79' lang='grc' dir='ltr'><strong>ἐπιστολαῖς,</strong></span> <span class='ocrx_word' id='word_1_231' title='bbox 3575 856 3719 923; x_wconf 81' lang='grc' dir='ltr'><strong>μήτε</strong></span> 
     </span>
    </p>
   </div>
   <div class='ocr_carea' id='block_1_36' title="bbox 2135 931 3723 1018">
    <p class='ocr_par' dir='ltr' id='par_1_36' title="bbox 2135 931 3723 1018">
     <span class='ocr_line' id='line_1_36' title="bbox 2135 931 3723 1018; baseline 0.012 -36"><span class='ocrx_word' id='word_1_232' title='bbox 2135 931 2467 984; x_wconf 79' lang='grc' dir='ltr'><strong>κοινωνείτω</strong></span> <span class='ocrx_word' id='word_1_233' title='bbox 2498 931 2576 1004; x_wconf 82' lang='grc' dir='ltr'><strong>τῷ</strong></span> <span class='ocrx_word' id='word_1_234' title='bbox 2606 936 2856 1007; x_wconf 78' lang='grc' dir='ltr'><strong>τοιούτῳ,</strong></span> <span class='ocrx_word' id='word_1_235' title='bbox 2886 940 2961 1003; x_wconf 81' lang='grc' dir='ltr'><strong>ὡς</strong></span> <span class='ocrx_word' id='word_1_236' title='bbox 2991 943 3055 994; x_wconf 82' lang='grc' dir='ltr'><strong>ἐκ</strong></span> <span class='ocrx_word' id='word_1_237' title='bbox 3077 942 3172 995; x_wconf 85' lang='grc' dir='ltr'><strong>τοῦ</strong></span> <span class='ocrx_word' id='word_1_238' title='bbox 3212 943 3441 1005; x_wconf 80' lang='grc' dir='ltr'><strong>κανόνος</strong></span> <span class='ocrx_word' id='word_1_239' title='bbox 3466 946 3723 1018; x_wconf 71' lang='grc' dir='ltr'><strong>καθῃρη-</strong></span> 
     </span>
    </p>
   </div>
   <div class='ocr_carea' id='block_1_37' title="bbox 2136 1019 3720 1105">
    <p class='ocr_par' dir='ltr' id='par_1_37' title="bbox 2136 1019 3720 1105">
     <span class='ocr_line' id='line_1_37' title="bbox 2136 1019 3720 1105; baseline 0.008 -31"><span class='ocrx_word' id='word_1_240' title='bbox 2136 1019 2305 1088; x_wconf 82' lang='grc' dir='ltr'><strong>μὲνῳ.</strong></span> <span class='ocrx_word' id='word_1_241' title='bbox 2340 1022 2571 1093; x_wconf 73' lang='grc' dir='ltr'><strong>Εἴρηται</strong></span> <span class='ocrx_word' id='word_1_242' title='bbox 2620 1028 2819 1097; x_wconf 83' lang='grc' dir='ltr'><strong>γὰρέν</strong></span> <span class='ocrx_word' id='word_1_243' title='bbox 2871 1031 2949 1101; x_wconf 85' lang='grc' dir='ltr'><strong>τῷ</strong></span> <span class='ocrx_word' id='word_1_244' title='bbox 3005 1033 3218 1105; x_wconf 80' lang='grc' dir='ltr'><strong>δεκάτῳ</strong></span> <span class='ocrx_word' id='word_1_245' title='bbox 3260 1037 3445 1089; x_wconf 78' lang='grc' dir='ltr'><strong>κανόνι</strong></span> <span class='ocrx_word' id='word_1_246' title='bbox 3502 1037 3603 1104; x_wconf 84' lang='grc' dir='ltr'><strong>τῆς</strong></span> <span class='ocrx_word' id='word_1_247' title='bbox 3654 1040 3720 1088; x_wconf 84' lang='grc' dir='ltr'><strong>ἐν</strong></span> 
     </span>
    </p>
   </div>
   <div class='ocr_carea' id='block_1_38' title="bbox 2145 1108 3717 1198">
    <p class='ocr_par' dir='ltr' id='par_1_38' title="bbox 2145 1108 3717 1198">
     <span class='ocr_line' id='line_1_38' title="bbox 2145 1108 3717 1198; baseline 0.012 -37"><span class='ocrx_word' id='word_1_248' title='bbox 2145 1108 2455 1185; x_wconf 79' lang='grc' dir='ltr'><strong>Ἀντιοχείᾳ</strong></span> <span class='ocrx_word' id='word_1_249' title='bbox 2477 1116 2698 1170; x_wconf 80' lang='grc' dir='ltr'><strong>συνόδου</strong></span> <span class='ocrx_word' id='word_1_250' title='bbox 2736 1118 2813 1191; x_wconf 77' lang='grc' dir='ltr'><strong>μὴ</strong></span> <span class='ocrx_word' id='word_1_251' title='bbox 2843 1119 3106 1175; x_wconf 85' lang='grc' dir='ltr'><strong>δύνασθαί</strong></span> <span class='ocrx_word' id='word_1_252' title='bbox 3134 1142 3259 1178; x_wconf 82' lang='grc' dir='ltr'><strong>τινα</strong></span> <span class='ocrx_word' id='word_1_253' title='bbox 3309 1127 3447 1197; x_wconf 77' lang='grc' dir='ltr'><strong>πρὸς</strong></span> <span class='ocrx_word' id='word_1_254' title='bbox 3483 1126 3717 1198; x_wconf 82' lang='grc' dir='ltr'><strong>βασιλέα</strong></span> 
     </span>
    </p>
   </div>
   <div class='ocr_carea' id='block_1_39' title="bbox 2132 1201 3717 1292">
    <p class='ocr_par' dir='ltr' id='par_1_39' title="bbox 2132 1201 3717 1292">
     <span class='ocr_line' id='line_1_39' title="bbox 2132 1201 3717 1292; baseline 0.015 -39"><span class='ocrx_word' id='word_1_255' title='bbox 2132 1201 2376 1270; x_wconf 81' lang='grc' dir='ltr'><strong>ἀπιέναι,</strong></span> <span class='ocrx_word' id='word_1_256' title='bbox 2406 1208 2455 1259; x_wconf 85' lang='grc' dir='ltr'><strong>εί</strong></span> <span class='ocrx_word' id='word_1_257' title='bbox 2493 1207 2571 1280; x_wconf 79' lang='grc' dir='ltr'><strong>μὴ</strong></span> <span class='ocrx_word' id='word_1_258' title='bbox 2614 1211 2926 1283; x_wconf 85' lang='grc' dir='ltr'><strong>γράμματα</strong></span> <span class='ocrx_word' id='word_1_259' title='bbox 2972 1218 3259 1288; x_wconf 77' lang='grc' dir='ltr'><strong>κομίζεται</strong></span> <span class='ocrx_word' id='word_1_260' title='bbox 3307 1219 3400 1273; x_wconf 79' lang='grc' dir='ltr'><strong>τοῦ</strong></span> <span class='ocrx_word' id='word_1_261' title='bbox 3432 1238 3717 1292; x_wconf 73' lang='grc' dir='ltr'><strong>μητροποο</strong></span> 
     </span>
    </p>
   </div>
   <div class='ocr_carea' id='block_1_40' title="bbox 2131 1292 3720 1384">
    <p class='ocr_par' dir='ltr' id='par_1_40' title="bbox 2131 1292 3720 1384">
     <span class='ocr_line' id='line_1_40' title="bbox 2131 1292 3720 1384; baseline 0.013 -37"><span class='ocrx_word' id='word_1_262' title='bbox 2131 1292 2278 1349; x_wconf 88' lang='grc' dir='ltr'><strong>λίτου</strong></span> <span class='ocrx_word' id='word_1_263' title='bbox 2305 1298 2408 1368; x_wconf 84' lang='grc' dir='ltr'><strong>τῆς</strong></span> <span class='ocrx_word' id='word_1_264' title='bbox 2436 1301 2729 1373; x_wconf 83' lang='grc' dir='ltr'><strong>ἐπαρχίας,</strong></span> <span class='ocrx_word' id='word_1_265' title='bbox 2760 1307 2854 1360; x_wconf 73' lang='grc' dir='ltr'><strong>καὶ</strong></span> <span class='ocrx_word' id='word_1_266' title='bbox 2885 1309 2995 1361; x_wconf 88' lang='grc' dir='ltr'><strong>τῶν</strong></span> <span class='ocrx_word' id='word_1_267' title='bbox 3036 1312 3360 1367; x_wconf 85' lang='grc' dir='ltr'><strong>ἐπισκόπων</strong></span> <span class='ocrx_word' id='word_1_268' title='bbox 3397 1313 3588 1384; x_wconf 62' lang='grc' dir='ltr'><strong>αὐτῆς</strong></span> <span class='ocrx_word' id='word_1_269' title='bbox 3616 1315 3720 1367; x_wconf 76' lang='grc' dir='ltr'><strong>τὸν</strong></span> 
     </span>
    </p>
   </div>
   <div class='ocr_carea' id='block_1_41' title="bbox 2128 1382 3714 1473">
    <p class='ocr_par' dir='ltr' id='par_1_41' title="bbox 2128 1382 3714 1473">
     <span class='ocr_line' id='line_1_41' title="bbox 2128 1382 3714 1473; baseline 0.015 -37"><span class='ocrx_word' id='word_1_270' title='bbox 2128 1382 2187 1437; x_wconf 82' lang='grc' dir='ltr'><strong>δέ</strong></span> <span class='ocrx_word' id='word_1_271' title='bbox 2240 1387 2314 1456; x_wconf 81' lang='grc' dir='ltr'><strong>μὴ</strong></span> <span class='ocrx_word' id='word_1_272' title='bbox 2344 1386 2490 1442; x_wconf 76' lang='grc' dir='ltr'><strong>οὕτω</strong></span> <span class='ocrx_word' id='word_1_273' title='bbox 2533 1394 2788 1448; x_wconf 84' lang='grc' dir='ltr'><strong>ποιοῦντα</strong></span> <span class='ocrx_word' id='word_1_274' title='bbox 2841 1398 3132 1454; x_wconf 85' lang='grc' dir='ltr'><strong>ἐκπίπτειν</strong></span> <span class='ocrx_word' id='word_1_275' title='bbox 3182 1404 3283 1473; x_wconf 84' lang='grc' dir='ltr'><strong>τῆς</strong></span> <span class='ocrx_word' id='word_1_276' title='bbox 3326 1405 3484 1471; x_wconf 80' lang='grc' dir='ltr'><strong>ἀξίας</strong></span> <span class='ocrx_word' id='word_1_277' title='bbox 3516 1405 3714 1459; x_wconf 69' lang='grc' dir='ltr'><strong>αὑτοῦ.</strong></span> 
     </span>
    </p>
   </div>
   <div class='ocr_carea' id='block_1_42' title="bbox 2130 1474 3718 1567">
    <p class='ocr_par' dir='ltr' id='par_1_42' title="bbox 2130 1474 3718 1567">
     <span class='ocr_line' id='line_1_42' title="bbox 2130 1474 3718 1567; baseline 0.018 -42"><span class='ocrx_word' id='word_1_278' title='bbox 2130 1474 2242 1527; x_wconf 77' lang='grc' dir='ltr'><strong>Καὶ</strong></span> <span class='ocrx_word' id='word_1_279' title='bbox 2272 1477 2341 1531; x_wconf 83' lang='grc' dir='ltr'><strong>τὰ</strong></span> <span class='ocrx_word' id='word_1_280' title='bbox 2377 1478 2479 1549; x_wconf 83' lang='grc' dir='ltr'><strong>μὲν</strong></span> <span class='ocrx_word' id='word_1_281' title='bbox 2504 1482 2600 1536; x_wconf 85' lang='grc' dir='ltr'><strong>τοῦ</strong></span> <span class='ocrx_word' id='word_1_282' title='bbox 2630 1488 2853 1551; x_wconf 78' lang='grc' dir='ltr'><strong>κανόνος</strong></span> <span class='ocrx_word' id='word_1_283' title='bbox 2882 1493 2942 1543; x_wconf 86' lang='grc' dir='ltr'><strong>ἐν</strong></span> <span class='ocrx_word' id='word_1_284' title='bbox 2964 1493 3195 1558; x_wconf 83' lang='grc' dir='ltr'><strong>τούτοις.</strong></span> <span class='ocrx_word' id='word_1_285' title='bbox 3255 1497 3482 1567; x_wconf 79' lang='grc' dir='ltr'><strong>Νομίζω</strong></span> <span class='ocrx_word' id='word_1_286' title='bbox 3534 1498 3589 1551; x_wconf 88' lang='grc' dir='ltr'><strong>δέ</strong></span> <span class='ocrx_word' id='word_1_287' title='bbox 3623 1502 3718 1553; x_wconf 81' lang='grc' dir='ltr'><strong>ὅτι</strong></span> 
     </span>
    </p>
   </div>
   <div class='ocr_carea' id='block_1_43' title="bbox 2128 1566 3716 1660">
    <p class='ocr_par' dir='ltr' id='par_1_43' title="bbox 2128 1566 3716 1660">
     <span class='ocr_line' id='line_1_43' title="bbox 2128 1566 3716 1660; baseline 0.018 -43"><span class='ocrx_word' id='word_1_288' title='bbox 2128 1566 2365 1632; x_wconf 81' lang='grc' dir='ltr'><strong>ἐκείνοις</strong></span> <span class='ocrx_word' id='word_1_289' title='bbox 2410 1576 2523 1639; x_wconf 81' lang='grc' dir='ltr'><strong>τοῖς</strong></span> <span class='ocrx_word' id='word_1_290' title='bbox 2571 1577 2894 1645; x_wconf 77' lang='grc' dir='ltr'><strong>ἐπισκόποις</strong></span> <span class='ocrx_word' id='word_1_291' title='bbox 2953 1584 3168 1657; x_wconf 81' lang='grc' dir='ltr'><strong>ἐνεδόθη</strong></span> <span class='ocrx_word' id='word_1_292' title='bbox 3224 1566 3716 1660; x_wconf 77' lang='grc' dir='ltr'><strong>πολυπραγμονεῖν</strong></span> 
     </span>
    </p>
   </div>
   <div class='ocr_carea' id='block_1_44' title="bbox 2129 1658 3716 1748">
    <p class='ocr_par' dir='ltr' id='par_1_44' title="bbox 2129 1658 3716 1748">
     <span class='ocr_line' id='line_1_44' title="bbox 2129 1658 3716 1748; baseline 0.017 -38"><span class='ocrx_word' id='word_1_293' title='bbox 2129 1658 2230 1721; x_wconf 67' lang='grc' dir='ltr'><strong>τὰς</strong></span> <span class='ocrx_word' id='word_1_294' title='bbox 2280 1664 2462 1729; x_wconf 86' lang='grc' dir='ltr'><strong>αἰτίας</strong></span> <span class='ocrx_word' id='word_1_295' title='bbox 2522 1670 2631 1722; x_wconf 80' lang='grc' dir='ltr'><strong>τῶν</strong></span> <span class='ocrx_word' id='word_1_296' title='bbox 2698 1674 3108 1741; x_wconf 87' lang='grc' dir='ltr'><strong>παροδευόντων</strong></span> <span class='ocrx_word' id='word_1_297' title='bbox 3182 1682 3520 1748; x_wconf 85' lang='grc' dir='ltr'><strong>ἐπισκόπων,</strong></span> <span class='ocrx_word' id='word_1_298' title='bbox 3593 1688 3716 1748; x_wconf 85' lang='grc' dir='ltr'><strong>τοῖς</strong></span> 
     </span>
    </p>
   </div>
   <div class='ocr_carea' id='block_1_45' title="bbox 2126 1747 3712 1845">
    <p class='ocr_par' dir='ltr' id='par_1_45' title="bbox 2126 1747 3712 1845">
     <span class='ocr_line' id='line_1_45' title="bbox 2126 1747 3712 1845; baseline 0.018 -45"><span class='ocrx_word' id='word_1_299' title='bbox 2126 1747 2308 1819; x_wconf 79' lang='grc' dir='ltr'><strong>ἔχουσι</strong></span> <span class='ocrx_word' id='word_1_300' title='bbox 2338 1755 2548 1811; x_wconf 88' lang='grc' dir='ltr'><strong>δίκαιον</strong></span> <span class='ocrx_word' id='word_1_301' title='bbox 2585 1762 2729 1815; x_wconf 80' lang='grc' dir='ltr'><strong>κατά</strong></span> <span class='ocrx_word' id='word_1_302' title='bbox 2761 1765 2990 1831; x_wconf 79' lang='grc' dir='ltr'><strong>τούτων,</strong></span> <span class='ocrx_word' id='word_1_303' title='bbox 3047 1773 3477 1843; x_wconf 82' lang='grc' dir='ltr'><strong>μητροπολίταις</strong></span> <span class='ocrx_word' id='word_1_304' title='bbox 3510 1775 3712 1845; x_wconf 80' lang='grc' dir='ltr'><strong>δηλον-</strong></span> 
     </span>
    </p>
   </div>
   <div class='ocr_carea' id='block_1_46' title="bbox 2122 1839 3713 1933">
    <p class='ocr_par' dir='ltr' id='par_1_46' title="bbox 2122 1839 3713 1933">
     <span class='ocr_line' id='line_1_46' title="bbox 2122 1839 3713 1933; baseline 0.019 -42"><span class='ocrx_word' id='word_1_305' title='bbox 2122 1839 2203 1893; x_wconf 89' lang='grc' dir='ltr'><strong>ότι</strong></span> <span class='ocrx_word' id='word_1_306' title='bbox 2238 1848 2333 1897; x_wconf 74' lang='grc' dir='ltr'><strong>καὶ</strong></span> <span class='ocrx_word' id='word_1_307' title='bbox 2367 1852 2754 1924; x_wconf 81' lang='grc' dir='ltr'><strong>πατριάρχαις.</strong></span> <span class='ocrx_word' id='word_1_308' title='bbox 2793 1857 2857 1910; x_wconf 83' lang='lat' dir='ltr'><strong>Ei</strong></span> <span class='ocrx_word' id='word_1_309' title='bbox 2892 1861 3000 1930; x_wconf 84' lang='grc' dir='ltr'><strong>γὰρ</strong></span> <span class='ocrx_word' id='word_1_310' title='bbox 3054 1839 3467 1933; x_wconf 28' lang='grc' dir='ltr'><strong>οὺχ-ὑπόκειται</strong></span> <span class='ocrx_word' id='word_1_311' title='bbox 3504 1839 3643 1931; x_wconf 79' lang='grc' dir='ltr'><strong>ὅλως</strong></span> <span class='ocrx_word' id='word_1_312' title='bbox 3676 1869 3713 1921; x_wconf 81' lang='grc' dir='ltr'><strong><em>ὁ</em></strong></span> 
     </span>
    </p>
   </div>
   <div class='ocr_carea' id='block_1_47' title="bbox 2120 1932 3714 2032">
    <p class='ocr_par' dir='ltr' id='par_1_47' title="bbox 2120 1932 3714 2032">
     <span class='ocr_line' id='line_1_47' title="bbox 2120 1932 3714 2032; baseline 0.02 -47"><span class='ocrx_word' id='word_1_313' title='bbox 2120 1932 2470 2006; x_wconf 84' lang='grc' dir='ltr'><strong>διερχόμενος</strong></span> <span class='ocrx_word' id='word_1_314' title='bbox 2505 1945 2805 2013; x_wconf 84' lang='grc' dir='ltr'><strong>ἐπίσκοπος</strong></span> <span class='ocrx_word' id='word_1_315' title='bbox 2825 1952 2904 2022; x_wconf 84' lang='grc' dir='ltr'><strong>τῷ</strong></span> <span class='ocrx_word' id='word_1_316' title='bbox 2931 1956 3072 2009; x_wconf 85' lang='grc' dir='ltr'><strong>κατά</strong></span> <span class='ocrx_word' id='word_1_317' title='bbox 3100 1957 3338 2028; x_wconf 81' lang='grc' dir='ltr'><strong>πάροδον</strong></span> <span class='ocrx_word' id='word_1_318' title='bbox 3374 1960 3489 2013; x_wconf 77' lang='grc' dir='ltr'><strong>όντι</strong></span> <span class='ocrx_word' id='word_1_319' title='bbox 3513 1963 3714 2032; x_wconf 80' lang='grc' dir='ltr'><strong>ἀρχιε-</strong></span> 
     </span>
    </p>
   </div>
   <div class='ocr_carea' id='block_1_48' title="bbox 2123 2027 3707 2119">
    <p class='ocr_par' dir='ltr' id='par_1_48' title="bbox 2123 2027 3707 2119">
     <span class='ocr_line' id='line_1_48' title="bbox 2123 2027 3707 2119; baseline 0.019 -43"><span class='ocrx_word' id='word_1_320' title='bbox 2123 2027 2228 2090; x_wconf 85' lang='grc' dir='ltr'><strong>ρεῖ,</strong></span> <span class='ocrx_word' id='word_1_321' title='bbox 2250 2028 2351 2083; x_wconf 82' lang='grc' dir='ltr'><strong>οὐκ</strong></span> <span class='ocrx_word' id='word_1_322' title='bbox 2373 2032 2807 2107; x_wconf 82' lang='grc' dir='ltr'><strong>ἀνακριθήσεται</strong></span> <span class='ocrx_word' id='word_1_323' title='bbox 2839 2045 2967 2114; x_wconf 76' lang='grc' dir='ltr'><strong>περὶ</strong></span> <span class='ocrx_word' id='word_1_324' title='bbox 2994 2046 3090 2115; x_wconf 80' lang='grc' dir='ltr'><strong>τῆς</strong></span> <span class='ocrx_word' id='word_1_325' title='bbox 3105 2027 3366 2118; x_wconf 86' lang='grc' dir='ltr'><strong>παρόδου.</strong></span> <span class='ocrx_word' id='word_1_326' title='bbox 3384 2027 3707 2119; x_wconf 42' lang='grc' dir='ltr'><strong>Τουτέ-στιν,</strong></span> 
     </span>
    </p>
   </div>
   <div class='ocr_carea' id='block_1_49' title="bbox 2061 2114 3706 2218">
    <p class='ocr_par' dir='ltr' id='par_1_49' title="bbox 2061 2114 3706 2218">
     <span class='ocr_line' id='line_1_49' title="bbox 2061 2114 3706 2218; baseline 0.023 -54"><span class='ocrx_word' id='word_1_327' title='bbox 2061 2170 2071 2182; x_wconf 27' lang='grc' dir='ltr'><em>κ</em></span> <span class='ocrx_word' id='word_1_328' title='bbox 2118 2114 2215 2169; x_wconf 82' lang='grc' dir='ltr'><strong>ἐὰν</strong></span> <span class='ocrx_word' id='word_1_329' title='bbox 2246 2118 2545 2187; x_wconf 80' lang='grc' dir='ltr'><strong>ἐπίσκοπος</strong></span> <span class='ocrx_word' id='word_1_330' title='bbox 2582 2124 2897 2201; x_wconf 80' lang='grc' dir='ltr'><strong>Ἐξαμιλίου</strong></span> <span class='ocrx_word' id='word_1_331' title='bbox 2952 2136 2985 2206; x_wconf 78' lang='grc' dir='ltr'>ἢ</span> <span class='ocrx_word' id='word_1_332' title='bbox 3052 2114 3370 2194; x_wconf 12' lang='grc' dir='ltr'><strong>νῬαιδεστοῦ</strong></span> <span class='ocrx_word' id='word_1_333' title='bbox 3422 2114 3706 2218; x_wconf 59' lang='grc' dir='ltr'><strong>ἀνατρέχη</strong></span> 
     </span>
    </p>
   </div>
   <div class='ocr_carea' id='block_1_50' title="bbox 2121 2204 3706 2302">
    <p class='ocr_par' dir='ltr' id='par_1_50' title="bbox 2121 2204 3706 2302">
     <span class='ocr_line' id='line_1_50' title="bbox 2121 2204 3706 2302; baseline 0.023 -46"><span class='ocrx_word' id='word_1_334' title='bbox 2121 2204 2208 2259; x_wconf 77' lang='grc' dir='ltr'><strong>διὰ</strong></span> <span class='ocrx_word' id='word_1_335' title='bbox 2233 2209 2334 2275; x_wconf 82' lang='grc' dir='ltr'><strong>τῆς</strong></span> <span class='ocrx_word' id='word_1_336' title='bbox 2381 2211 2667 2286; x_wconf 83' lang='grc' dir='ltr'><strong>Θρᾳκικῆς</strong></span> <span class='ocrx_word' id='word_1_337' title='bbox 2708 2204 3039 2292; x_wconf 82' lang='grc' dir='ltr'><strong>Ἡρακλείας</strong></span> <span class='ocrx_word' id='word_1_338' title='bbox 3070 2230 3150 2294; x_wconf 87' lang='grc' dir='ltr'><strong>είς</strong></span> <span class='ocrx_word' id='word_1_339' title='bbox 3203 2234 3305 2302; x_wconf 79' lang='grc' dir='ltr'><strong>τὴν</strong></span> <span class='ocrx_word' id='word_1_340' title='bbox 3346 2234 3456 2288; x_wconf 83' lang='grc' dir='ltr'><strong>τῶν</strong></span> <span class='ocrx_word' id='word_1_341' title='bbox 3491 2204 3706 2291; x_wconf 59' lang='grc' dir='ltr'><strong>πώεῶζὲ</strong></span> 
     </span>
    </p>
   </div>
   <div class='ocr_carea' id='block_1_51' title="bbox 2120 2296 3702 2399">
    <p class='ocr_par' dir='ltr' id='par_1_51' title="bbox 2120 2296 3702 2399">
     <span class='ocr_line' id='line_1_51' title="bbox 2120 2296 3702 2399; baseline 0.023 -50"><span class='ocrx_word' id='word_1_342' title='bbox 2120 2296 2533 2371; x_wconf 84' lang='grc' dir='ltr'><strong>βασιλεύουσαν,</strong></span> <span class='ocrx_word' id='word_1_343' title='bbox 2551 2310 2733 2376; x_wconf 83' lang='grc' dir='ltr'><strong>καλῶς</strong></span> <span class='ocrx_word' id='word_1_344' title='bbox 2761 2318 2914 2387; x_wconf 82' lang='grc' dir='ltr'><strong>παρὰ</strong></span> <span class='ocrx_word' id='word_1_345' title='bbox 2952 2319 3047 2372; x_wconf 83' lang='grc' dir='ltr'><strong>τοῦ</strong></span> <span class='ocrx_word' id='word_1_346' title='bbox 3082 2326 3480 2394; x_wconf 85' lang='grc' dir='ltr'><strong>μητροπολίτου</strong></span> <span class='ocrx_word' id='word_1_347' title='bbox 3504 2330 3702 2399; x_wconf 81' lang='grc' dir='ltr'><strong>αὑτοῦ,</strong></span> 
     </span>
    </p>
   </div>
   <div class='ocr_carea' id='block_1_52' title="bbox 2118 2391 3704 2489">
    <p class='ocr_par' dir='ltr' id='par_1_52' title="bbox 2118 2391 3704 2489">
     <span class='ocr_line' id='line_1_52' title="bbox 2118 2391 3704 2489; baseline 0.022 -47"><span class='ocrx_word' id='word_1_348' title='bbox 2118 2391 2285 2459; x_wconf 74' lang='grc' dir='ltr'><strong>ἦγουν</strong></span> <span class='ocrx_word' id='word_1_349' title='bbox 2320 2397 2414 2448; x_wconf 84' lang='grc' dir='ltr'><strong>τοῦ</strong></span> <span class='ocrx_word' id='word_1_350' title='bbox 2459 2398 2809 2471; x_wconf 83' lang='grc' dir='ltr'><strong>Ἡρακλείας,</strong></span> <span class='ocrx_word' id='word_1_351' title='bbox 2843 2391 3334 2485; x_wconf 53' lang='grc' dir='ltr'><strong>ἀναγκασθήσεται</strong></span> <span class='ocrx_word' id='word_1_352' title='bbox 3383 2422 3559 2473; x_wconf 75' lang='grc' dir='ltr'><strong>εἰπεῖν</strong></span> <span class='ocrx_word' id='word_1_353' title='bbox 3596 2391 3704 2489; x_wconf 78' lang='grc' dir='ltr'><strong>τὰς</strong></span> 
     </span>
    </p>
   </div>
   <div class='ocr_carea' id='block_1_53' title="bbox 2118 2482 3699 2581">
    <p class='ocr_par' dir='ltr' id='par_1_53' title="bbox 2118 2482 3699 2581">
     <span class='ocr_line' id='line_1_53' title="bbox 2118 2482 3699 2581; baseline 0.023 -48"><span class='ocrx_word' id='word_1_354' title='bbox 2118 2482 2294 2549; x_wconf 86' lang='grc' dir='ltr'><strong>αίτίας</strong></span> <span class='ocrx_word' id='word_1_355' title='bbox 2326 2485 2394 2540; x_wconf 86' lang='grc' dir='ltr'><strong>δι’</strong></span> <span class='ocrx_word' id='word_1_356' title='bbox 2423 2487 2490 2552; x_wconf 81' lang='grc' dir='ltr'><strong>ἃς</strong></span> <span class='ocrx_word' id='word_1_357' title='bbox 2524 2493 2605 2554; x_wconf 87' lang='grc' dir='ltr'><strong>είς</strong></span> <span class='ocrx_word' id='word_1_358' title='bbox 2636 2482 3209 2561; x_wconf 79' lang='grc' dir='ltr'><strong>Κωνσταντινοῠπολιν</strong></span> <span class='ocrx_word' id='word_1_359' title='bbox 3267 2509 3590 2581; x_wconf 82' lang='grc' dir='ltr'><strong>ἀπέρχεται.</strong></span> <span class='ocrx_word' id='word_1_360' title='bbox 3633 2482 3699 2568; x_wconf 69' lang='lat' dir='ltr'><strong>Ei</strong></span> 
     </span>
    </p>
   </div>
   <div class='ocr_carea' id='block_1_54' title="bbox 2118 2569 3699 2676">
    <p class='ocr_par' dir='ltr' id='par_1_54' title="bbox 2118 2569 3699 2676">
     <span class='ocr_line' id='line_1_54' title="bbox 2118 2569 3699 2676; baseline 0.023 -54"><span class='ocrx_word' id='word_1_361' title='bbox 2118 2569 2176 2623; x_wconf 82' lang='grc' dir='ltr'><strong>δέ</strong></span> <span class='ocrx_word' id='word_1_362' title='bbox 2205 2589 2287 2637; x_wconf 88' lang='grc' dir='ltr'><strong>τις</strong></span> <span class='ocrx_word' id='word_1_363' title='bbox 2313 2577 2621 2646; x_wconf 86' lang='grc' dir='ltr'><strong>ἐπίσκοπος</strong></span> <span class='ocrx_word' id='word_1_364' title='bbox 2644 2584 3013 2657; x_wconf 81' lang='grc' dir='ltr'><strong>ὑποκείμενος</strong></span> <span class='ocrx_word' id='word_1_365' title='bbox 3042 2594 3121 2665; x_wconf 78' lang='grc' dir='ltr'><strong>τῷ</strong></span> <span class='ocrx_word' id='word_1_366' title='bbox 3150 2569 3527 2676; x_wconf 63' lang='grc' dir='ltr'><strong>μητροπολίτῃ</strong></span> <span class='ocrx_word' id='word_1_367' title='bbox 3555 2603 3699 2656; x_wconf 77' lang='grc' dir='ltr'><strong>Θεσο</strong></span> 
     </span>
    </p>
   </div>
   <div class='ocr_carea' id='block_1_55' title="bbox 2117 2664 3696 2766">
    <p class='ocr_par' dir='ltr' id='par_1_55' title="bbox 2117 2664 3696 2766">
     <span class='ocr_line' id='line_1_55' title="bbox 2117 2664 3696 2766; baseline 0.023 -51"><span class='ocrx_word' id='word_1_368' title='bbox 2117 2664 2407 2739; x_wconf 88' lang='grc' dir='ltr'><strong>σαλονίκης</strong></span> <span class='ocrx_word' id='word_1_369' title='bbox 2437 2672 2527 2728; x_wconf 82' lang='grc' dir='ltr'><strong>διὰ</strong></span> <span class='ocrx_word' id='word_1_370' title='bbox 2569 2677 2668 2747; x_wconf 83' lang='grc' dir='ltr'><strong>τῆς</strong></span> <span class='ocrx_word' id='word_1_371' title='bbox 2700 2682 2875 2751; x_wconf 79' lang='grc' dir='ltr'><strong>αὐτῆς</strong></span> <span class='ocrx_word' id='word_1_372' title='bbox 2913 2664 3240 2765; x_wconf 59' lang='grc' dir='ltr'><strong>ξΗρακλείας</strong></span> <span class='ocrx_word' id='word_1_373' title='bbox 3266 2664 3345 2755; x_wconf 75' lang='grc' dir='ltr'><strong>είς</strong></span> <span class='ocrx_word' id='word_1_374' title='bbox 3375 2694 3472 2766; x_wconf 80' lang='grc' dir='ltr'><strong>τὴν</strong></span> <span class='ocrx_word' id='word_1_375' title='bbox 3499 2664 3696 2766; x_wconf 47' lang='grc' dir='ltr'><strong>..βασι-</strong></span> 
     </span>
    </p>
   </div>
   <div class='ocr_carea' id='block_1_56' title="bbox 2113 2753 3698 2859">
    <p class='ocr_par' dir='ltr' id='par_1_56' title="bbox 2113 2753 3698 2859">
     <span class='ocr_line' id='line_1_56' title="bbox 2113 2753 3698 2859; baseline 0.023 -53"><span class='ocrx_word' id='word_1_376' title='bbox 2113 2753 2378 2814; x_wconf 84' lang='grc' dir='ltr'><strong>λεύουσαν</strong></span> <span class='ocrx_word' id='word_1_377' title='bbox 2414 2764 2736 2837; x_wconf 78' lang='grc' dir='ltr'><strong>ἀπέρχεται,</strong></span> <span class='ocrx_word' id='word_1_378' title='bbox 2793 2754 2946 2846; x_wconf 80' lang='grc' dir='ltr'><strong>παρά</strong></span> <span class='ocrx_word' id='word_1_379' title='bbox 2985 2753 3092 2847; x_wconf 75' lang='grc' dir='ltr'><strong>μὲν</strong></span> <span class='ocrx_word' id='word_1_380' title='bbox 3143 2753 3238 2834; x_wconf 51' lang='lat' dir='ltr'><strong>tot:</strong></span> <span class='ocrx_word' id='word_1_381' title='bbox 3284 2753 3698 2859; x_wconf 63' lang='grc' dir='ltr'><strong>Θεσσαλονίκης</strong></span> 
     </span>
    </p>
   </div>
   <div class='ocr_carea' id='block_1_57' title="bbox 2119 2844 3701 2947">
    <p class='ocr_par' dir='ltr' id='par_1_57' title="bbox 2119 2844 3701 2947">
     <span class='ocr_line' id='line_1_57' title="bbox 2119 2844 3701 2947; baseline 0.021 -50"><span class='ocrx_word' id='word_1_382' title='bbox 2119 2844 2577 2924; x_wconf 82' lang='grc' dir='ltr'><strong>ἀνακριθήσεται,</strong></span> <span class='ocrx_word' id='word_1_383' title='bbox 2613 2863 2767 2929; x_wconf 87' lang='grc' dir='ltr'><strong>παρά</strong></span> <span class='ocrx_word' id='word_1_384' title='bbox 2802 2844 3001 2920; x_wconf 12' lang='grc' dir='ltr'><strong>δὲγτοῦ-</strong></span> <span class='ocrx_word' id='word_1_385' title='bbox 3053 2870 3383 2940; x_wconf 77' lang='grc' dir='ltr'><strong>Ἡρακλείας</strong></span> <span class='ocrx_word' id='word_1_386' title='bbox 3433 2878 3492 2929; x_wconf 89' lang='grc' dir='ltr'><strong>οὐ</strong></span> <span class='ocrx_word' id='word_1_387' title='bbox 3538 2844 3701 2947; x_wconf 61' lang='grc' dir='ltr'><strong>λογο-ἰ</strong></span> 
     </span>
    </p>
   </div>
   <div class='ocr_carea' id='block_1_58' title="bbox 423 2915 3697 3039">
    <p class='ocr_par' dir='ltr' id='par_1_58' title="bbox 423 2915 3697 3039">
     <span class='ocr_line' id='line_1_58' title="bbox 423 2915 3697 3039; baseline 0.016 -73"><span class='ocrx_word' id='word_1_388' title='bbox 423 2915 866 2987; x_wconf 79' lang='grc' dir='ltr'><strong>πραγηθήσεται.</strong></span> <span class='ocrx_word' id='word_1_389' title='bbox 894 2920 969 2973; x_wconf 84' lang='grc' dir='ltr'><strong>Τὸ</strong></span> <span class='ocrx_word' id='word_1_390' title='bbox 998 2920 1108 2991; x_wconf 83' lang='grc' dir='ltr'><strong>γὰρ</strong></span> <span class='ocrx_word' id='word_1_391' title='bbox 1137 2921 1338 2979; x_wconf 85' lang='grc' dir='ltr'><strong>διδόναι</strong></span> <span class='ocrx_word' id='word_1_392' title='bbox 1367 2927 1564 2997; x_wconf 82' lang='grc' dir='ltr'><strong>λόγους</strong></span> <span class='ocrx_word' id='word_1_393' title='bbox 1613 2931 1738 2995; x_wconf 82' lang='grc' dir='ltr'><strong>τοὺς</strong></span> <span class='ocrx_word' id='word_1_394' title='bbox 1776 2933 2075 3005; x_wconf 84' lang='grc' dir='ltr'><strong>παροδίτας</strong></span> <span class='ocrx_word' id='word_1_395' title='bbox 2101 2915 2443 3012; x_wconf 70' lang='grc' dir='ltr'><strong>ἐπισκόπους</strong></span> <span class='ocrx_word' id='word_1_396' title='bbox 2479 2915 2582 3021; x_wconf 77' lang='grc' dir='ltr'><strong>τῆς</strong></span> <span class='ocrx_word' id='word_1_397' title='bbox 2650 2915 2864 3012; x_wconf 65' lang='grc' dir='ltr'><strong>ἑαυτῶν</strong></span> <span class='ocrx_word' id='word_1_398' title='bbox 2927 2915 3243 3034; x_wconf 63' lang='grc' dir='ltr'><strong>ὁδοιπορίας</strong></span> <span class='ocrx_word' id='word_1_399' title='bbox 3312 2915 3451 3039; x_wconf 55' lang='grc' dir='ltr'><strong>πὲὸς</strong></span> <span class='ocrx_word' id='word_1_400' title='bbox 3508 2915 3697 3026; x_wconf 36' lang='lat' dir='ltr'><strong>navi-:1</strong></span> 
     </span>
     <span class='ocr_line' id='line_1_59' title="bbox 426 3012 1998 3039; baseline 0.015 -11"><span class='ocrx_word' id='word_1_401' title='bbox 426 3012 684 3039; x_wconf 43' lang='lat' dir='ltr'><strong>num-..</strong></span> <span class='ocrx_word' id='word_1_402' title='bbox 723 3014 1023 3039; x_wconf 64' lang='lat'><strong>1_,__.__._.</strong></span> <span class='ocrx_word' id='word_1_403' title='bbox 1085 3018 1153 3039; x_wconf 40' lang='grc' dir='ltr'><strong>,η</strong></span> <span class='ocrx_word' id='word_1_404' title='bbox 1218 3024 1231 3039; x_wconf 85' lang='lat'><strong>.</strong></span> <span class='ocrx_word' id='word_1_405' title='bbox 1317 3023 1332 3039; x_wconf 63' lang='grc' dir='ltr'><strong>ι</strong></span> <span class='ocrx_word' id='word_1_406' title='bbox 1396 3024 1419 3039; x_wconf 58' lang='grc' dir='ltr'>μ</span> <span class='ocrx_word' id='word_1_407' title='bbox 1517 3026 1539 3039; x_wconf 86' lang='grc'><strong>.</strong></span> <span class='ocrx_word' id='word_1_408' title='bbox 1594 3028 1607 3039; x_wconf 71' lang='grc' dir='ltr'><strong>ι</strong></span> <span class='ocrx_word' id='word_1_409' title='bbox 1760 3028 1772 3039; x_wconf 89' lang='grc'><strong>-</strong></span> <span class='ocrx_word' id='word_1_410' title='bbox 1893 3034 1906 3039; x_wconf 86' lang='grc'><strong>-</strong></span> <span class='ocrx_word' id='word_1_411' title='bbox 1986 3033 1998 3039; x_wconf 82' lang='grc'><strong><em>-</em></strong></span> 
     </span>
    </p>
   </div>
   <div class='ocr_carea' id='block_1_59' title="bbox 425 3012 3027 3127">
    <p class='ocr_par' dir='ltr' id='par_1_59' title="bbox 425 3012 3027 3127">
     <span class='ocr_line' id='line_1_60' title="bbox 425 3012 3027 3127; baseline 0.019 -64"><span class='ocrx_word' id='word_1_412' title='bbox 425 3012 684 3083; x_wconf 86' lang='grc' dir='ltr'><strong>παρόδιον</strong></span> <span class='ocrx_word' id='word_1_413' title='bbox 720 3014 1046 3085; x_wconf 88' lang='grc' dir='ltr'><strong>ἐπίσκοπον,</strong></span> <span class='ocrx_word' id='word_1_414' title='bbox 1079 3018 1156 3083; x_wconf 85' lang='grc' dir='ltr'><strong>ὡς</strong></span> <span class='ocrx_word' id='word_1_415' title='bbox 1215 3023 1340 3092; x_wconf 61' lang='grc' dir='ltr'><strong>ἐμοὶ⁵</strong></span> <span class='ocrx_word' id='word_1_416' title='bbox 1390 3024 1560 3089; x_wconf 88' lang='grc' dir='ltr'><strong>δοκεῖ,</strong></span> <span class='ocrx_word' id='word_1_417' title='bbox 1591 3028 1834 3082; x_wconf 81' lang='grc' dir='ltr'><strong>ἐναντίον</strong></span> <span class='ocrx_word' id='word_1_418' title='bbox 1889 3033 2009 3087; x_wconf 69' lang='grc' dir='ltr'><strong>ἐστὶ</strong></span> <span class='ocrx_word' id='word_1_419' title='bbox 2033 3039 2147 3099; x_wconf 88' lang='grc' dir='ltr'><strong>τοῖς</strong></span> <span class='ocrx_word' id='word_1_420' title='bbox 2194 3044 2403 3110; x_wconf 76' lang='grc' dir='ltr'><strong>κανόσι,</strong></span> <span class='ocrx_word' id='word_1_421' title='bbox 2469 3012 2584 3116; x_wconf 77' lang='grc' dir='ltr'><strong>τοῖς</strong></span> <span class='ocrx_word' id='word_1_422' title='bbox 2634 3050 3027 3127; x_wconf 82' lang='grc' dir='ltr'><strong>διοριζομένοις</strong></span> 
     </span>
    </p>
   </div>
   <div class='ocr_carea' id='block_1_60' title="bbox 3108 3064 3693 3139">
    <p class='ocr_par' dir='ltr' id='par_1_60' title="bbox 3108 3064 3693 3139">
     <span class='ocr_line' id='line_1_61' title="bbox 3108 3064 3693 3139; baseline 0.014 -25"><span class='ocrx_word' id='word_1_423' title='bbox 3108 3064 3235 3126; x_wconf 74' lang='grc' dir='ltr'><strong>τοὺς</strong></span> <span class='ocrx_word' id='word_1_424' title='bbox 3295 3066 3693 3139; x_wconf 79' lang='grc' dir='ltr'><strong>ἀπροσφόρους</strong></span> 
     </span>
    </p>
   </div>
   <div class='ocr_carea' id='block_1_61' title="bbox 423 3105 2693 3204">
    <p class='ocr_par' dir='ltr' id='par_1_61' title="bbox 423 3105 2693 3204">
     <span class='ocr_line' id='line_1_62' title="bbox 423 3105 2693 3204; baseline 0.02 -47"><span class='ocrx_word' id='word_1_425' title='bbox 423 3105 700 3175; x_wconf 80' lang='grc' dir='ltr'><strong>ἀρχιερεῖς</strong></span> <span class='ocrx_word' id='word_1_426' title='bbox 735 3106 811 3178; x_wconf 80' lang='grc' dir='ltr'><strong>μὴ</strong></span> <span class='ocrx_word' id='word_1_427' title='bbox 847 3110 1260 3180; x_wconf 76' lang='grc' dir='ltr'><strong>παρεμϐάλλειν</strong></span> <span class='ocrx_word' id='word_1_428' title='bbox 1302 3118 1534 3182; x_wconf 81' lang='grc' dir='ltr'><strong>ἑαυτοὺς</strong></span> <span class='ocrx_word' id='word_1_429' title='bbox 1585 3122 1667 3185; x_wconf 83' lang='grc' dir='ltr'><strong>είς</strong></span> <span class='ocrx_word' id='word_1_430' title='bbox 1715 3124 2003 3191; x_wconf 81' lang='grc' dir='ltr'><strong>ὑποθέσεις</strong></span> <span class='ocrx_word' id='word_1_431' title='bbox 2034 3130 2332 3204; x_wconf 85' lang='grc' dir='ltr'><strong>ἀλλοτρίων</strong></span> <span class='ocrx_word' id='word_1_432' title='bbox 2360 3105 2693 3202; x_wconf 70' lang='grc' dir='ltr'><strong>ἐπισκόπων.</strong></span> 
     </span>
    </p>
   </div>
   <div class='ocr_carea' id='block_1_62' title="bbox 494 3196 2068 3288">
    <p class='ocr_par' dir='ltr' id='par_1_62' title="bbox 494 3196 2068 3288">
     <span class='ocr_line' id='line_1_63' title="bbox 494 3196 2068 3288; baseline 0.018 -38"><span class='ocrx_word' id='word_1_433' title='bbox 494 3196 747 3252; x_wconf 76' lang='lat' dir='ltr'><strong>ZONAR.</strong></span> <span class='ocrx_word' id='word_1_434' title='bbox 790 3202 960 3258; x_wconf 83' lang='lat' dir='ltr'><strong>Porro</strong></span> <span class='ocrx_word' id='word_1_435' title='bbox 1002 3217 1187 3263; x_wconf 89' lang='lat' dir='ltr'><strong>autem</strong></span> <span class='ocrx_word' id='word_1_436' title='bbox 1239 3211 1341 3266; x_wconf 82' lang='lat' dir='ltr'><strong>hoc</strong></span> <span class='ocrx_word' id='word_1_437' title='bbox 1386 3229 1603 3285; x_wconf 80' lang='lat' dir='ltr'><strong>quoque</strong></span> <span class='ocrx_word' id='word_1_438' title='bbox 1647 3229 1830 3273; x_wconf 81' lang='lat' dir='ltr'><strong>nolunt</strong></span> <span class='ocrx_word' id='word_1_439' title='bbox 1868 3222 1997 3277; x_wconf 83' lang='lat' dir='ltr'><strong>erit.</strong></span> <span class='ocrx_word' id='word_1_440' title='bbox 2026 3229 2068 3288; x_wconf 78' lang='grc' dir='ltr'>ο</span> 
     </span>
    </p>
   </div>
   <div class='ocr_carea' id='block_1_63' title="bbox 418 3566 1999 3660">
    <p class='ocr_par' dir='ltr' id='par_1_63' title="bbox 418 3566 1999 3660">
     <span class='ocr_line' id='line_1_64' title="bbox 418 3566 1999 3660; baseline 0.019 -45"><span class='ocrx_word' id='word_1_441' title='bbox 418 3576 605 3618; x_wconf 79' lang='lat' dir='ltr'><strong>sumus</strong></span> <span class='ocrx_word' id='word_1_442' title='bbox 630 3566 897 3636; x_wconf 90' lang='lat' dir='ltr'><strong>episcopi,</strong></span> <span class='ocrx_word' id='word_1_443' title='bbox 929 3571 1020 3639; x_wconf 90' lang='lat' dir='ltr'><strong>qui</strong></span> <span class='ocrx_word' id='word_1_444' title='bbox 1056 3587 1243 3631; x_wconf 89' lang='lat' dir='ltr'><strong>sumus</strong></span> <span class='ocrx_word' id='word_1_445' title='bbox 1270 3578 1482 3634; x_wconf 85' lang='lat' dir='ltr'><strong>scilicet</strong></span> <span class='ocrx_word' id='word_1_446' title='bbox 1514 3583 1566 3636; x_wconf 93' lang='lat' dir='ltr'><strong>in</strong></span> <span class='ocrx_word' id='word_1_447' title='bbox 1604 3585 1849 3653; x_wconf 85' lang='lat' dir='ltr'><strong>urbibus,</strong></span> <span class='ocrx_word' id='word_1_448' title='bbox 1878 3604 1999 3660; x_wconf 76' lang='lat' dir='ltr'><strong>qute</strong></span> 
     </span>
    </p>
   </div>
   <div class='ocr_carea' id='block_1_64' title="bbox 420 3655 1996 3749">
    <p class='ocr_par' dir='ltr' id='par_1_64' title="bbox 420 3655 1996 3749">
     <span class='ocr_line' id='line_1_65' title="bbox 420 3655 1996 3749; baseline 0.018 -43"><span class='ocrx_word' id='word_1_449' title='bbox 420 3655 474 3707; x_wconf 90' lang='lat' dir='ltr'><strong>in</strong></span> <span class='ocrx_word' id='word_1_450' title='bbox 539 3656 639 3710; x_wconf 89' lang='lat' dir='ltr'><strong>viis</strong></span> <span class='ocrx_word' id='word_1_451' title='bbox 678 3666 807 3713; x_wconf 88' lang='lat' dir='ltr'><strong>sunt</strong></span> <span class='ocrx_word' id='word_1_452' title='bbox 867 3662 1119 3730; x_wconf 90' lang='lat' dir='ltr'><strong>publicis,</strong></span> <span class='ocrx_word' id='word_1_453' title='bbox 1183 3666 1299 3721; x_wconf 86' lang='lat' dir='ltr'><strong>sive</strong></span> <span class='ocrx_word' id='word_1_454' title='bbox 1328 3674 1526 3734; x_wconf 84' lang='lat' dir='ltr'><strong>canali,</strong></span> <span class='ocrx_word' id='word_1_455' title='bbox 1583 3689 1677 3744; x_wconf 89' lang='lat' dir='ltr'><strong>per</strong></span> <span class='ocrx_word' id='word_1_456' title='bbox 1707 3692 1850 3747; x_wconf 64' lang='lat' dir='ltr'><strong>quae,</strong></span> <span class='ocrx_word' id='word_1_457' title='bbox 1895 3655 1996 3749; x_wconf 34' lang='grc' dir='ltr'><strong>*ιιιιί</strong></span> 
     </span>
    </p>
   </div>
   <div class='ocr_carea' id='block_1_65' title="bbox 420 3749 2000 3837">
    <p class='ocr_par' dir='ltr' id='par_1_65' title="bbox 420 3749 2000 3837">
     <span class='ocr_line' id='line_1_66' title="bbox 420 3749 2000 3837; baseline 0.019 -39"><span class='ocrx_word' id='word_1_458' title='bbox 420 3755 729 3813; x_wconf 84' lang='lat' dir='ltr'><strong>transeunt,</strong></span> <span class='ocrx_word' id='word_1_459' title='bbox 758 3749 881 3806; x_wconf 86' lang='lat' dir='ltr'><strong>sine</strong></span> <span class='ocrx_word' id='word_1_460' title='bbox 905 3752 1098 3810; x_wconf 91' lang='lat' dir='ltr'><strong>labore</strong></span> <span class='ocrx_word' id='word_1_461' title='bbox 1128 3770 1431 3828; x_wconf 83' lang='lat' dir='ltr'><strong>permeant,</strong></span> <span class='ocrx_word' id='word_1_462' title='bbox 1485 3774 1543 3818; x_wconf 93' lang='lat' dir='ltr'><strong>ut</strong></span> <span class='ocrx_word' id='word_1_463' title='bbox 1596 3781 1737 3837; x_wconf 80' lang='lat' dir='ltr'><strong>aqua</strong></span> <span class='ocrx_word' id='word_1_464' title='bbox 1799 3773 2000 3828; x_wconf 87' lang='lat' dir='ltr'><strong>transit</strong></span> 
     </span>
    </p>
   </div>
   <div class='ocr_carea' id='block_1_66' title="bbox 414 3839 1994 3937">
    <p class='ocr_par' dir='ltr' id='par_1_66' title="bbox 414 3839 1994 3937">
     <span class='ocr_line' id='line_1_67' title="bbox 414 3839 1994 3937; baseline 0.018 -45"><span class='ocrx_word' id='word_1_465' title='bbox 414 3839 468 3892; x_wconf 91' lang='lat' dir='ltr'><strong>in</strong></span> <span class='ocrx_word' id='word_1_466' title='bbox 500 3842 824 3909; x_wconf 66' lang='lat' dir='ltr'><strong>aquaeduetu</strong></span> <span class='ocrx_word' id='word_1_467' title='bbox 887 3846 1117 3914; x_wconf 86' lang='lat' dir='ltr'><strong>(canalis</strong></span> <span class='ocrx_word' id='word_1_468' title='bbox 1148 3850 1295 3907; x_wconf 86' lang='lat' dir='ltr'><strong>enim</strong></span> <span class='ocrx_word' id='word_1_469' title='bbox 1344 3857 1703 3923; x_wconf 75' lang='lat' dir='ltr'><strong>aquteductus</strong></span> <span class='ocrx_word' id='word_1_470' title='bbox 1754 3862 1994 3937; x_wconf 72' lang='lat' dir='ltr'><strong>dicitur;</strong></span> 
     </span>
    </p>
   </div>
   <div class='ocr_carea' id='block_1_67' title="bbox 415 3933 1999 4023">
    <p class='ocr_par' dir='ltr' id='par_1_67' title="bbox 415 3933 1999 4023">
     <span class='ocr_line' id='line_1_68' title="bbox 415 3933 1999 4023; baseline 0.018 -42"><span class='ocrx_word' id='word_1_471' title='bbox 415 3937 500 3983; x_wconf 86' lang='lat' dir='ltr'><strong>est</strong></span> <span class='ocrx_word' id='word_1_472' title='bbox 532 3939 714 3986; x_wconf 88' lang='lat' dir='ltr'><strong>autem</strong></span> <span class='ocrx_word' id='word_1_473' title='bbox 750 3933 1054 3990; x_wconf 80' lang='lat' dir='ltr'><strong>Romanum</strong></span> <span class='ocrx_word' id='word_1_474' title='bbox 1092 3940 1440 4015; x_wconf 75' lang='lat' dir='ltr'><strong>vocabulum)</strong></span> <span class='ocrx_word' id='word_1_475' title='bbox 1471 3960 1596 4001; x_wconf 89' lang='lat' dir='ltr'><strong>cum</strong></span> <span class='ocrx_word' id='word_1_476' title='bbox 1639 3950 1836 4006; x_wconf 77' lang='lat' dir='ltr'><strong>viderit</strong></span> <span class='ocrx_word' id='word_1_477' title='bbox 1880 3934 1999 4023; x_wconf 79' lang='lat' dir='ltr'><strong>epi-</strong></span> 
     </span>
    </p>
   </div>
   <div class='ocr_carea' id='block_1_68' title="bbox 417 4022 1996 4103">
    <p class='ocr_par' dir='ltr' id='par_1_68' title="bbox 417 4022 1996 4103">
     <span class='ocr_line' id='line_1_69' title="bbox 417 4022 1996 4103; baseline 0.019 -32"><span class='ocrx_word' id='word_1_478' title='bbox 417 4032 640 4088; x_wconf 62' lang='lat' dir='ltr'><strong>scopum</strong></span> <span class='ocrx_word' id='word_1_479' title='bbox 666 4022 849 4092; x_wconf 90' lang='lat' dir='ltr'><strong>aliquo</strong></span> <span class='ocrx_word' id='word_1_480' title='bbox 879 4026 1338 4098; x_wconf 88' lang='lat' dir='ltr'><strong>proﬁciscentem,</strong></span> <span class='ocrx_word' id='word_1_481' title='bbox 1387 4046 1594 4103; x_wconf 69' lang='lat' dir='ltr'><strong>quaarat</strong></span> <span class='ocrx_word' id='word_1_482' title='bbox 1627 4054 1844 4096; x_wconf 86' lang='lat' dir='ltr'><strong>causam</strong></span> <span class='ocrx_word' id='word_1_483' title='bbox 1898 4022 1996 4100; x_wconf 87' lang='lat' dir='ltr'><strong>ad-</strong></span> 
     </span>
    </p>
   </div>
   <div class='ocr_carea' id='block_1_69' title="bbox 416 4119 1992 4193">
    <p class='ocr_par' dir='ltr' id='par_1_69' title="bbox 416 4119 1992 4193">
     <span class='ocr_line' id='line_1_70' title="bbox 416 4119 1992 4193; baseline 0.018 -29"><span class='ocrx_word' id='word_1_484' title='bbox 416 4119 633 4175; x_wconf 85' lang='lat' dir='ltr'><strong>ventus,</strong></span> <span class='ocrx_word' id='word_1_485' title='bbox 664 4122 718 4169; x_wconf 89' lang='lat' dir='ltr'><strong>et</strong></span> <span class='ocrx_word' id='word_1_486' title='bbox 747 4130 857 4184; x_wconf 92' lang='lat' dir='ltr'><strong>quo</strong></span> <span class='ocrx_word' id='word_1_487' title='bbox 884 4120 1079 4189; x_wconf 77' lang='lat' dir='ltr'><strong>pergit,</strong></span> <span class='ocrx_word' id='word_1_488' title='bbox 1115 4131 1339 4193; x_wconf 89' lang='lat' dir='ltr'><strong>et-cur;</strong></span> <span class='ocrx_word' id='word_1_489' title='bbox 1370 4136 1425 4182; x_wconf 92' lang='lat' dir='ltr'><strong>et</strong></span> <span class='ocrx_word' id='word_1_490' title='bbox 1456 4142 1620 4184; x_wconf 88' lang='lat' dir='ltr'><strong>causa</strong></span> <span class='ocrx_word' id='word_1_491' title='bbox 1655 4138 1992 4191; x_wconf 81' lang='lat' dir='ltr'><strong>condemna-</strong></span> 
     </span>
    </p>
   </div>
   <div class='ocr_carea' id='block_1_70' title="bbox 421 4202 1993 4297">
    <p class='ocr_par' dir='ltr' id='par_1_70' title="bbox 421 4202 1993 4297">
     <span class='ocr_line' id='line_1_71' title="bbox 421 4202 1993 4297; baseline 0.021 -45"><span class='ocrx_word' id='word_1_492' title='bbox 421 4202 584 4258; x_wconf 89' lang='lat' dir='ltr'><strong>tionis</strong></span> <span class='ocrx_word' id='word_1_493' title='bbox 613 4207 992 4276; x_wconf 87' lang='lat' dir='ltr'><strong>episcoporum</strong></span> <span class='ocrx_word' id='word_1_494' title='bbox 1028 4213 1444 4279; x_wconf 89' lang='lat' dir='ltr'><strong>prohibebitur:</strong></span> <span class='ocrx_word' id='word_1_495' title='bbox 1495 4230 1550 4276; x_wconf 89' lang='lat' dir='ltr'><strong>et</strong></span> <span class='ocrx_word' id='word_1_496' title='bbox 1602 4224 1648 4278; x_wconf 89' lang='lat' dir='ltr'><strong>si</strong></span> <span class='ocrx_word' id='word_1_497' title='bbox 1680 4232 1993 4297; x_wconf 80' lang='lat' dir='ltr'><strong>cognoverit</strong></span> 
     </span>
    </p>
   </div>
   <div class='ocr_carea' id='block_1_71' title="bbox 415 4295 1991 4383">
    <p class='ocr_par' dir='ltr' id='par_1_71' title="bbox 415 4295 1991 4383">
     <span class='ocr_line' id='line_1_72' title="bbox 415 4295 1991 4383; baseline 0.017 -35"><span class='ocrx_word' id='word_1_498' title='bbox 415 4295 632 4365; x_wconf 87' lang='lat' dir='ltr'><strong>quidem</strong></span> <span class='ocrx_word' id='word_1_499' title='bbox 675 4312 797 4351; x_wconf 90' lang='lat' dir='ltr'><strong>eum</strong></span> <span class='ocrx_word' id='word_1_500' title='bbox 831 4299 883 4353; x_wconf 94' lang='lat' dir='ltr'><strong>in</strong></span> <span class='ocrx_word' id='word_1_501' title='bbox 914 4312 1092 4356; x_wconf 87' lang='lat' dir='ltr'><strong>castra</strong></span> <span class='ocrx_word' id='word_1_502' title='bbox 1122 4307 1412 4377; x_wconf 90' lang='lat' dir='ltr'><strong>proﬁcisci,</strong></span> <span class='ocrx_word' id='word_1_503' title='bbox 1442 4316 1690 4383; x_wconf 81' lang='lat' dir='ltr'><strong>exquirat</strong></span> <span class='ocrx_word' id='word_1_504' title='bbox 1720 4295 1991 4375; x_wconf 80' lang='lat' dir='ltr'><strong>conditio-</strong></span> 
     </span>
    </p>
   </div>
   <div class='ocr_carea' id='block_1_72' title="bbox 417 4388 1988 4467">
    <p class='ocr_par' dir='ltr' id='par_1_72' title="bbox 417 4388 1988 4467">
     <span class='ocr_line' id='line_1_73' title="bbox 417 4388 1988 4467; baseline 0.017 -29"><span class='ocrx_word' id='word_1_505' title='bbox 417 4399 512 4440; x_wconf 88' lang='lat' dir='ltr'><strong>nes</strong></span> <span class='ocrx_word' id='word_1_506' title='bbox 542 4388 789 4456; x_wconf 86' lang='lat' dir='ltr'><strong>superius</strong></span> <span class='ocrx_word' id='word_1_507' title='bbox 811 4390 1035 4459; x_wconf 87' lang='lat' dir='ltr'><strong>positas,</strong></span> <span class='ocrx_word' id='word_1_508' title='bbox 1059 4407 1154 4449; x_wconf 89' lang='lat' dir='ltr'><strong>seu</strong></span> <span class='ocrx_word' id='word_1_509' title='bbox 1184 4396 1296 4467; x_wconf 87' lang='lat' dir='ltr'><strong>jam</strong></span> <span class='ocrx_word' id='word_1_510' title='bbox 1329 4399 1505 4457; x_wconf 87' lang='lat' dir='ltr'><strong>dictas</strong></span> <span class='ocrx_word' id='word_1_511' title='bbox 1532 4404 1909 4463; x_wconf 89' lang='lat' dir='ltr'><strong>distinctiones</strong></span> <span class='ocrx_word' id='word_1_512' title='bbox 1935 4411 1988 4464; x_wconf 92' lang='lat' dir='ltr'><strong>in</strong></span> 
     </span>
    </p>
   </div>
   <div class='ocr_carea' id='block_1_73' title="bbox 413 4477 1987 4566">
    <p class='ocr_par' dir='ltr' id='par_1_73' title="bbox 413 4477 1987 4566">
     <span class='ocr_line' id='line_1_74' title="bbox 413 4477 1987 4566; baseline 0.015 -35"><span class='ocrx_word' id='word_1_513' title='bbox 413 4477 667 4546; x_wconf 86' lang='lat' dir='ltr'><strong>septimo,</strong></span> <span class='ocrx_word' id='word_1_514' title='bbox 697 4488 894 4534; x_wconf 85' lang='lat' dir='ltr'><strong>octavo</strong></span> <span class='ocrx_word' id='word_1_515' title='bbox 922 4491 984 4539; x_wconf 89' lang='lat' dir='ltr'><strong>et</strong></span> <span class='ocrx_word' id='word_1_516' title='bbox 1009 4499 1155 4540; x_wconf 91' lang='lat' dir='ltr'><strong>nono</strong></span> <span class='ocrx_word' id='word_1_517' title='bbox 1190 4503 1404 4547; x_wconf 88' lang='lat' dir='ltr'><strong>canone</strong></span> <span class='ocrx_word' id='word_1_518' title='bbox 1436 4493 1596 4563; x_wconf 87' lang='lat' dir='ltr'><strong>hujus</strong></span> <span class='ocrx_word' id='word_1_519' title='bbox 1647 4498 1858 4566; x_wconf 89' lang='lat' dir='ltr'><strong>synodi.</strong></span> <span class='ocrx_word' id='word_1_520' title='bbox 1921 4499 1987 4555; x_wconf 85' lang='lat' dir='ltr'><strong>Et</strong></span> 
     </span>
    </p>
   </div>
   <div class='ocr_carea' id='block_1_74' title="bbox 411 4568 2062 4653">
    <p class='ocr_par' dir='ltr' id='par_1_74' title="bbox 411 4568 2062 4653">
     <span class='ocr_line' id='line_1_75' title="bbox 411 4568 2062 4653; baseline 0.017 -33"><span class='ocrx_word' id='word_1_521' title='bbox 411 4568 457 4621; x_wconf 90' lang='lat' dir='ltr'><strong>si</strong></span> <span class='ocrx_word' id='word_1_522' title='bbox 494 4569 657 4624; x_wconf 83' lang='lat' dir='ltr'><strong>fuerit</strong></span> <span class='ocrx_word' id='word_1_523' title='bbox 692 4570 908 4639; x_wconf 84' lang='lat' dir='ltr'><strong>quidem</strong></span> <span class='ocrx_word' id='word_1_524' title='bbox 945 4575 1014 4630; x_wconf 86' lang='lat' dir='ltr'><strong>ab</strong></span> <span class='ocrx_word' id='word_1_525' title='bbox 1050 4578 1377 4647; x_wconf 87' lang='lat' dir='ltr'><strong>imperatore</strong></span> <span class='ocrx_word' id='word_1_526' title='bbox 1423 4586 1741 4653; x_wconf 85' lang='lat' dir='ltr'><strong>accersitus,</strong></span> <span class='ocrx_word' id='word_1_527' title='bbox 1775 4604 1840 4643; x_wconf 90' lang='lat' dir='ltr'><strong>ne</strong></span> <span class='ocrx_word' id='word_1_528' title='bbox 1884 4592 1986 4645; x_wconf 88' lang='lat' dir='ltr'><strong>im-</strong></span> <span class='ocrx_word' id='word_1_529' title='bbox 2018 4586 2062 4640; x_wconf 84' lang='lat' dir='ltr'><strong>D</strong></span> 
     </span>
    </p>
   </div>
   <div class='ocr_carea' id='block_1_75' title="bbox 408 4658 1989 4748">
    <p class='ocr_par' dir='ltr' id='par_1_75' title="bbox 408 4658 1989 4748">
     <span class='ocr_line' id='line_1_76' title="bbox 408 4658 1989 4748; baseline 0.016 -39"><span class='ocrx_word' id='word_1_530' title='bbox 408 4658 660 4726; x_wconf 89' lang='lat' dir='ltr'><strong>pediatur</strong></span> <span class='ocrx_word' id='word_1_531' title='bbox 714 4660 905 4720; x_wconf 86' lang='lat' dir='ltr'><strong>abire:</strong></span> <span class='ocrx_word' id='word_1_532' title='bbox 978 4665 1062 4723; x_wconf 85' lang='lat' dir='ltr'><strong>sin</strong></span> <span class='ocrx_word' id='word_1_533' title='bbox 1121 4678 1297 4724; x_wconf 89' lang='lat' dir='ltr'><strong>autem</strong></span> <span class='ocrx_word' id='word_1_534' title='bbox 1377 4676 1759 4732; x_wconf 89' lang='lat' dir='ltr'><strong>ostentationis</strong></span> <span class='ocrx_word' id='word_1_535' title='bbox 1814 4682 1989 4748; x_wconf 72' lang='lat' dir='ltr'><strong>gratia</strong></span> 
     </span>
    </p>
   </div>
   <div class='ocr_carea' id='block_1_76' title="bbox 409 4750 1989 4827">
    <p class='ocr_par' dir='ltr' id='par_1_76' title="bbox 409 4750 1989 4827">
     <span class='ocr_line' id='line_1_77' title="bbox 409 4750 1989 4827; baseline 0.016 -25"><span class='ocrx_word' id='word_1_536' title='bbox 409 4750 593 4819; x_wconf 86' lang='lat' dir='ltr'><strong>aliquo</strong></span> <span class='ocrx_word' id='word_1_537' title='bbox 616 4752 996 4823; x_wconf 84' lang='lat' dir='ltr'><strong>proﬁciscitur,</strong></span> <span class='ocrx_word' id='word_1_538' title='bbox 1031 4768 1089 4814; x_wconf 93' lang='lat' dir='ltr'><strong>ut</strong></span> <span class='ocrx_word' id='word_1_539' title='bbox 1117 4774 1175 4813; x_wconf 87' lang='lat' dir='ltr'><strong>se</strong></span> <span class='ocrx_word' id='word_1_540' title='bbox 1201 4772 1437 4818; x_wconf 84' lang='lat' dir='ltr'><strong>ostentet</strong></span> <span class='ocrx_word' id='word_1_541' title='bbox 1465 4773 1519 4819; x_wconf 89' lang='lat' dir='ltr'><strong>et</strong></span> <span class='ocrx_word' id='word_1_542' title='bbox 1553 4767 1742 4821; x_wconf 87' lang='lat' dir='ltr'><strong>doceat</strong></span> <span class='ocrx_word' id='word_1_543' title='bbox 1765 4770 1817 4823; x_wconf 89' lang='lat' dir='ltr'><strong>in</strong></span> <span class='ocrx_word' id='word_1_544' title='bbox 1851 4771 1989 4827; x_wconf 89' lang='lat' dir='ltr'><strong>alie-</strong></span> 
     </span>
    </p>
   </div>
   <div class='ocr_carea' id='block_1_77' title="bbox 410 4841 1988 4931">
    <p class='ocr_par' dir='ltr' id='par_1_77' title="bbox 410 4841 1988 4931">
     <span class='ocr_line' id='line_1_78' title="bbox 410 4841 1988 4931; baseline 0.017 -39"><span class='ocrx_word' id='word_1_545' title='bbox 410 4856 479 4894; x_wconf 91' lang='lat' dir='ltr'><strong>na</strong></span> <span class='ocrx_word' id='word_1_546' title='bbox 543 4841 799 4910; x_wconf 88' lang='lat' dir='ltr'><strong>civitate,</strong></span> <span class='ocrx_word' id='word_1_547' title='bbox 832 4856 886 4900; x_wconf 89' lang='lat' dir='ltr'><strong>et</strong></span> <span class='ocrx_word' id='word_1_548' title='bbox 928 4848 1177 4917; x_wconf 89' lang='lat' dir='ltr'><strong>disserat,</strong></span> <span class='ocrx_word' id='word_1_549' title='bbox 1213 4867 1278 4907; x_wconf 84' lang='lat' dir='ltr'><strong>ac</strong></span> <span class='ocrx_word' id='word_1_550' title='bbox 1332 4854 1671 4926; x_wconf 88' lang='lat' dir='ltr'><strong>episcopum,</strong></span> <span class='ocrx_word' id='word_1_551' title='bbox 1724 4862 1815 4931; x_wconf 94' lang='lat' dir='ltr'><strong>qui</strong></span> <span class='ocrx_word' id='word_1_552' title='bbox 1879 4864 1988 4920; x_wconf 89' lang='lat' dir='ltr'><strong>illic</strong></span> 
     </span>
    </p>
   </div>
   <div class='ocr_carea' id='block_1_78' title="bbox 404 5023 1980 5115">
    <p class='ocr_par' dir='ltr' id='par_1_78' title="bbox 404 5023 1980 5115">
     <span class='ocr_line' id='line_1_79' title="bbox 404 5023 1980 5115; baseline 0.018 -40"><span class='ocrx_word' id='word_1_553' title='bbox 404 5023 469 5076; x_wconf 88' lang='lat' dir='ltr'><strong>ad</strong></span> <span class='ocrx_word' id='word_1_554' title='bbox 498 5024 879 5094; x_wconf 89' lang='lat' dir='ltr'><strong>imperatorem</strong></span> <span class='ocrx_word' id='word_1_555' title='bbox 915 5032 1301 5100; x_wconf 88' lang='lat' dir='ltr'><strong>proﬁciscitur,</strong></span> <span class='ocrx_word' id='word_1_556' title='bbox 1332 5052 1520 5106; x_wconf 85' lang='lat' dir='ltr'><strong>preces</strong></span> <span class='ocrx_word' id='word_1_557' title='bbox 1552 5056 1645 5096; x_wconf 90' lang='lat' dir='ltr'><strong>seu</strong></span> <span class='ocrx_word' id='word_1_558' title='bbox 1695 5046 1980 5115; x_wconf 89' lang='lat' dir='ltr'><strong>petitiones</strong></span> 
     </span>
    </p>
   </div>
   <div class='ocr_carea' id='block_1_79' title="bbox 403 5113 1979 5208">
    <p class='ocr_par' dir='ltr' id='par_1_79' title="bbox 403 5113 1979 5208">
     <span class='ocr_line' id='line_1_80' title="bbox 403 5113 1979 5208; baseline 0.018 -41"><span class='ocrx_word' id='word_1_559' title='bbox 403 5113 724 5185; x_wconf 88' lang='lat' dir='ltr'><strong>oblaturus;</strong></span> <span class='ocrx_word' id='word_1_560' title='bbox 779 5133 880 5173; x_wconf 89' lang='lat' dir='ltr'><strong>nec</strong></span> <span class='ocrx_word' id='word_1_561' title='bbox 926 5120 1123 5175; x_wconf 88' lang='lat' dir='ltr'><strong>litteris</strong></span> <span class='ocrx_word' id='word_1_562' title='bbox 1163 5124 1283 5194; x_wconf 89' lang='lat' dir='ltr'><strong>ejus</strong></span> <span class='ocrx_word' id='word_1_563' title='bbox 1345 5113 1707 5201; x_wconf 36' lang='lat' dir='ltr'><strong>subscribatp</strong></span> <span class='ocrx_word' id='word_1_564' title='bbox 1737 5139 1979 5208; x_wconf 88' lang='lat' dir='ltr'><strong>paciﬁcis</strong></span> 
     </span>
    </p>
   </div>
   <div class='ocr_carea' id='block_1_80' title="bbox 402 5205 1974 5300">
    <p class='ocr_par' dir='ltr' id='par_1_80' title="bbox 402 5205 1974 5300">
     <span class='ocr_line' id='line_1_81' title="bbox 402 5205 1974 5300; baseline 0.019 -42"><span class='ocrx_word' id='word_1_565' title='bbox 402 5205 610 5263; x_wconf 88' lang='lat' dir='ltr'><strong>scilicet</strong></span> <span class='ocrx_word' id='word_1_566' title='bbox 644 5209 863 5275; x_wconf 89' lang='lat' dir='ltr'><strong>litteris,</strong></span> <span class='ocrx_word' id='word_1_567' title='bbox 897 5228 997 5268; x_wconf 88' lang='lat' dir='ltr'><strong>nec</strong></span> <span class='ocrx_word' id='word_1_568' title='bbox 1054 5228 1175 5269; x_wconf 89' lang='lat' dir='ltr'><strong>cum</strong></span> <span class='ocrx_word' id='word_1_569' title='bbox 1206 5233 1269 5272; x_wconf 90' lang='lat' dir='ltr'><strong>eo</strong></span> <span class='ocrx_word' id='word_1_570' title='bbox 1326 5226 1711 5294; x_wconf 87' lang='lat' dir='ltr'><strong>communicet,</strong></span> <span class='ocrx_word' id='word_1_571' title='bbox 1774 5240 1833 5284; x_wconf 88' lang='lat' dir='ltr'><strong>ut</strong></span> <span class='ocrx_word' id='word_1_572' title='bbox 1883 5234 1974 5300; x_wconf 95' lang='lat' dir='ltr'><strong>qui</strong></span> 
     </span>
    </p>
   </div>
   <div class='ocr_carea' id='block_1_81' title="bbox 395 5294 1975 5380">
    <p class='ocr_par' dir='ltr' id='par_1_81' title="bbox 395 5294 1975 5380">
     <span class='ocr_line' id='line_1_82' title="bbox 395 5294 1975 5380; baseline 0.02 -33"><span class='ocrx_word' id='word_1_573' title='bbox 395 5294 505 5365; x_wconf 85' lang='lat' dir='ltr'><strong>jam</strong></span> <span class='ocrx_word' id='word_1_574' title='bbox 539 5299 608 5351; x_wconf 87' lang='lat' dir='ltr'><strong>sit</strong></span> <span class='ocrx_word' id='word_1_575' title='bbox 638 5316 668 5353; x_wconf 90' lang='lat' dir='ltr'><strong>a</strong></span> <span class='ocrx_word' id='word_1_576' title='bbox 729 5316 936 5358; x_wconf 88' lang='lat' dir='ltr'><strong>canone</strong></span> <span class='ocrx_word' id='word_1_577' title='bbox 993 5306 1286 5375; x_wconf 86' lang='lat' dir='ltr'><strong>depositus.</strong></span> <span class='ocrx_word' id='word_1_578' title='bbox 1346 5311 1556 5370; x_wconf 88' lang='lat' dir='ltr'><strong>Dictum</strong></span> <span class='ocrx_word' id='word_1_579' title='bbox 1611 5327 1696 5373; x_wconf 90' lang='lat' dir='ltr'><strong>est</strong></span> <span class='ocrx_word' id='word_1_580' title='bbox 1744 5318 1887 5376; x_wconf 82' lang='lat' dir='ltr'><strong>enim</strong></span> <span class='ocrx_word' id='word_1_581' title='bbox 1920 5325 1975 5380; x_wconf 94' lang='lat' dir='ltr'><strong>in</strong></span> 
     </span>
    </p>
   </div>
   <div class='ocr_carea' id='block_1_82' title="bbox 400 5390 1974 5480">
    <p class='ocr_par' dir='ltr' id='par_1_82' title="bbox 400 5390 1974 5480">
     <span class='ocr_line' id='line_1_83' title="bbox 400 5390 1974 5480; baseline 0.021 -43"><span class='ocrx_word' id='word_1_582' title='bbox 400 5390 614 5445; x_wconf 84' lang='lat' dir='ltr'><strong>decimo</strong></span> <span class='ocrx_word' id='word_1_583' title='bbox 644 5408 849 5450; x_wconf 84' lang='lat' dir='ltr'><strong>canone</strong></span> <span class='ocrx_word' id='word_1_584' title='bbox 895 5396 1244 5455; x_wconf 71' lang='lat' dir='ltr'><strong>Antiochena:</strong></span> <span class='ocrx_word' id='word_1_585' title='bbox 1278 5408 1490 5475; x_wconf 85' lang='lat' dir='ltr'><strong>synodi,</strong></span> <span class='ocrx_word' id='word_1_586' title='bbox 1544 5424 1648 5464; x_wconf 91' lang='lat' dir='ltr'><strong>non</strong></span> <span class='ocrx_word' id='word_1_587' title='bbox 1686 5427 1843 5480; x_wconf 89' lang='lat' dir='ltr'><strong>posse</strong></span> <span class='ocrx_word' id='word_1_588' title='bbox 1872 5415 1974 5470; x_wconf 83' lang='lat' dir='ltr'><strong>ali-</strong></span> 
     </span>
    </p>
   </div>
   <div class='ocr_carea' id='block_1_83' title="bbox 398 5483 1967 5562">
    <p class='ocr_par' dir='ltr' id='par_1_83' title="bbox 398 5483 1967 5562">
     <span class='ocr_line' id='line_1_84' title="bbox 398 5483 1967 5562; baseline 0.018 -28"><span class='ocrx_word' id='word_1_589' title='bbox 398 5496 559 5549; x_wconf 83' lang='lat' dir='ltr'><strong>quem</strong></span> <span class='ocrx_word' id='word_1_590' title='bbox 592 5483 656 5538; x_wconf 85' lang='lat' dir='ltr'><strong>ad</strong></span> <span class='ocrx_word' id='word_1_591' title='bbox 688 5484 1069 5554; x_wconf 86' lang='lat' dir='ltr'><strong>imperatorem</strong></span> <span class='ocrx_word' id='word_1_592' title='bbox 1121 5494 1413 5561; x_wconf 87' lang='lat' dir='ltr'><strong>proﬁcisci,</strong></span> <span class='ocrx_word' id='word_1_593' title='bbox 1451 5500 1554 5553; x_wconf 92' lang='lat' dir='ltr'><strong>nisi</strong></span> <span class='ocrx_word' id='word_1_594' title='bbox 1605 5502 1818 5559; x_wconf 86' lang='lat' dir='ltr'><strong>litteras</strong></span> <span class='ocrx_word' id='word_1_595' title='bbox 1853 5522 1967 5562; x_wconf 88' lang='lat' dir='ltr'><strong>mc-</strong></span> 
     </span>
    </p>
   </div>
   <div class='ocr_carea' id='block_1_84' title="bbox 398 5572 1965 5657">
    <p class='ocr_par' dir='ltr' id='par_1_84' title="bbox 398 5572 1965 5657">
     <span class='ocr_line' id='line_1_85' title="bbox 398 5572 1965 5657; baseline 0.018 -31"><span class='ocrx_word' id='word_1_596' title='bbox 398 5572 710 5642; x_wconf 88' lang='lat' dir='ltr'><strong>tropolitani</strong></span> <span class='ocrx_word' id='word_1_597' title='bbox 759 5580 1051 5645; x_wconf 65' lang='lat' dir='ltr'><strong>provincia:</strong></span> <span class='ocrx_word' id='word_1_598' title='bbox 1082 5593 1135 5636; x_wconf 90' lang='lat' dir='ltr'><strong>et</strong></span> <span class='ocrx_word' id='word_1_599' title='bbox 1168 5584 1288 5653; x_wconf 89' lang='lat' dir='ltr'><strong>ejus</strong></span> <span class='ocrx_word' id='word_1_600' title='bbox 1322 5588 1695 5657; x_wconf 89' lang='lat' dir='ltr'><strong>episcoporum</strong></span> <span class='ocrx_word' id='word_1_601' title='bbox 1729 5593 1919 5651; x_wconf 80' lang='lat' dir='ltr'><strong>aﬁ‘erat</strong></span> <span class='ocrx_word' id='word_1_602' title='bbox 1950 5618 1965 5654; x_wconf 85' lang='lat'><strong>:</strong></span> 
     </span>
    </p>
   </div>
   <div class='ocr_carea' id='block_1_85' title="bbox 396 5664 1857 5746">
    <p class='ocr_par' dir='ltr' id='par_1_85' title="bbox 396 5664 1857 5746">
     <span class='ocr_line' id='line_1_86' title="bbox 396 5664 1857 5746; baseline 0.016 -27"><span class='ocrx_word' id='word_1_603' title='bbox 396 5664 440 5719; x_wconf 87' lang='lat' dir='ltr'><strong>is</strong></span> <span class='ocrx_word' id='word_1_604' title='bbox 477 5675 678 5732; x_wconf 87' lang='lat' dir='ltr'><strong>autem,</strong></span> <span class='ocrx_word' id='word_1_605' title='bbox 708 5669 800 5738; x_wconf 91' lang='lat' dir='ltr'><strong>qui</strong></span> <span class='ocrx_word' id='word_1_606' title='bbox 836 5684 938 5722; x_wconf 88' lang='lat' dir='ltr'><strong>nou</strong></span> <span class='ocrx_word' id='word_1_607' title='bbox 972 5672 1045 5724; x_wconf 87' lang='lat' dir='ltr'><strong>ita</strong></span> <span class='ocrx_word' id='word_1_608' title='bbox 1084 5672 1232 5740; x_wconf 79' lang='lat' dir='ltr'><strong>facit,</strong></span> <span class='ocrx_word' id='word_1_609' title='bbox 1267 5691 1296 5729; x_wconf 87' lang='lat' dir='ltr'><strong>a</strong></span> <span class='ocrx_word' id='word_1_610' title='bbox 1329 5678 1590 5746; x_wconf 81' lang='lat' dir='ltr'><strong>dignitate</strong></span> <span class='ocrx_word' id='word_1_611' title='bbox 1619 5684 1857 5743; x_wconf 83' lang='lat' dir='ltr'><strong>excidat.</strong></span> 
     </span>
    </p>
   </div>
   <div class='ocr_carea' id='block_1_86' title="bbox 393 5757 1998 5848">
    <p class='ocr_par' dir='ltr' id='par_1_86' title="bbox 393 5757 1998 5848">
     <span class='ocr_line' id='line_1_87' title="bbox 393 5757 1998 5848; baseline 0.025 -40"><span class='ocrx_word' id='word_1_612' title='bbox 393 5757 677 5826; x_wconf 72' lang='grc' dir='ltr'><strong>κομίζεται</strong></span> <span class='ocrx_word' id='word_1_613' title='bbox 707 5775 796 5818; x_wconf 65' lang='lat' dir='ltr'><strong>tuo</strong></span> <span class='ocrx_word' id='word_1_614' title='bbox 824 5781 1221 5841; x_wconf 69' lang='grc' dir='ltr'><strong>μητροπολιτου</strong></span> <span class='ocrx_word' id='word_1_615' title='bbox 1250 5774 1346 5841; x_wconf 81' lang='grc' dir='ltr'><strong>τῆς</strong></span> <span class='ocrx_word' id='word_1_616' title='bbox 1377 5774 1644 5848; x_wconf 74' lang='grc' dir='ltr'><strong>ἐπαρχίας</strong></span> <span class='ocrx_word' id='word_1_617' title='bbox 1698 5783 1792 5838; x_wconf 66' lang='grc' dir='ltr'><strong>καὶ</strong></span> <span class='ocrx_word' id='word_1_618' title='bbox 1838 5788 1945 5847; x_wconf 80' lang='grc' dir='ltr'><strong>τῶν</strong></span> <span class='ocrx_word' id='word_1_619' title='bbox 1976 5794 1998 5847; x_wconf 80' lang='grc' dir='ltr'>ὲ</span> 
     </span>
    </p>
   </div>
   <div class='ocr_carea' id='block_1_87' title="bbox 391 5857 1454 5927">
    <p class='ocr_par' dir='ltr' id='par_1_87' title="bbox 391 5857 1454 5927">
     <span class='ocr_line' id='line_1_88' title="bbox 391 5857 1454 5927; baseline 0.011 -17"><span class='ocrx_word' id='word_1_620' title='bbox 391 5873 541 5911; x_wconf 79' lang='grc' dir='ltr'><strong>πτειν</strong></span> <span class='ocrx_word' id='word_1_621' title='bbox 567 5857 661 5927; x_wconf 79' lang='grc' dir='ltr'><strong>τῆς</strong></span> <span class='ocrx_word' id='word_1_622' title='bbox 692 5858 845 5927; x_wconf 73' lang='grc' dir='ltr'><strong>ἀξίας</strong></span> <span class='ocrx_word' id='word_1_623' title='bbox 878 5863 1066 5918; x_wconf 67' lang='grc' dir='ltr'><strong>αὑτοῦ.</strong></span> <span class='ocrx_word' id='word_1_624' title='bbox 1416 5861 1454 5878; x_wconf 76' lang='grc'><strong>”</strong></span> 
     </span>
    </p>
   </div>
   <div class='ocr_carea' id='block_1_88' title="bbox 2178 3231 3693 3329">
    <p class='ocr_par' dir='ltr' id='par_1_88' title="bbox 2178 3231 3693 3329">
     <span class='ocr_line' id='line_1_89' title="bbox 2178 3231 3693 3329; baseline 0.022 -46"><span class='ocrx_word' id='word_1_625' title='bbox 2178 3231 2422 3290; x_wconf 85' lang='grc' dir='ltr'><strong>ΖΩΝΑΡ.</strong></span> <span class='ocrx_word' id='word_1_626' title='bbox 2474 3239 2585 3293; x_wconf 80' lang='grc' dir='ltr'><strong>Καὶ</strong></span> <span class='ocrx_word' id='word_1_627' title='bbox 2617 3242 2777 3298; x_wconf 87' lang='grc' dir='ltr'><strong>τοῦτο</strong></span> <span class='ocrx_word' id='word_1_628' title='bbox 2803 3247 3083 3320; x_wconf 83' lang='grc' dir='ltr'><strong>γνώριμον</strong></span> <span class='ocrx_word' id='word_1_629' title='bbox 3138 3256 3449 3325; x_wconf 74' lang='grc' dir='ltr'><strong>γενήσεται,</strong></span> <span class='ocrx_word' id='word_1_630' title='bbox 3487 3258 3693 3329; x_wconf 80' lang='grc' dir='ltr'><strong>Τοῦτο,</strong></span> 
     </span>
    </p>
   </div>
   <div class='ocr_carea' id='block_1_89' title="bbox 2108 3326 3694 3420">
    <p class='ocr_par' dir='ltr' id='par_1_89' title="bbox 2108 3326 3694 3420">
     <span class='ocr_line' id='line_1_90' title="bbox 2108 3326 3694 3420; baseline 0.023 -47"><span class='ocrx_word' id='word_1_631' title='bbox 2108 3326 2293 3391; x_wconf 84' lang='grc' dir='ltr'><strong>ποῖον;</strong></span> <span class='ocrx_word' id='word_1_632' title='bbox 2344 3326 2416 3380; x_wconf 80' lang='grc' dir='ltr'><strong>Τδ</strong></span> <span class='ocrx_word' id='word_1_633' title='bbox 2452 3331 2528 3401; x_wconf 86' lang='grc' dir='ltr'><strong>μὴ</strong></span> <span class='ocrx_word' id='word_1_634' title='bbox 2549 3337 3062 3405; x_wconf 79' lang='grc' dir='ltr'><strong>καταγινώσκεσθαι</strong></span> <span class='ocrx_word' id='word_1_635' title='bbox 3105 3347 3206 3417; x_wconf 76' lang='grc' dir='ltr'><strong>τὴν</strong></span> <span class='ocrx_word' id='word_1_636' title='bbox 3263 3349 3566 3420; x_wconf 78' lang='grc' dir='ltr'><strong>ἱερωσύνην</strong></span> <span class='ocrx_word' id='word_1_637' title='bbox 3593 3326 3694 3410; x_wconf 74' lang='grc' dir='ltr'><strong>διά</strong></span> 
     </span>
    </p>
   </div>
   <div class='ocr_carea' id='block_1_90' title="bbox 2104 3414 3689 3516">
    <p class='ocr_par' dir='ltr' id='par_1_90' title="bbox 2104 3414 3689 3516">
     <span class='ocr_line' id='line_1_91' title="bbox 2104 3414 3689 3516; baseline 0.023 -51"><span class='ocrx_word' id='word_1_638' title='bbox 2104 3414 2202 3484; x_wconf 80' lang='grc' dir='ltr'><strong>τὴν</strong></span> <span class='ocrx_word' id='word_1_639' title='bbox 2234 3417 2432 3486; x_wconf 83' lang='grc' dir='ltr'><strong>ὀλίγων</strong></span> <span class='ocrx_word' id='word_1_640' title='bbox 2462 3424 2872 3496; x_wconf 85' lang='grc' dir='ltr'><strong>ἀναισχυντίαν.</strong></span> <span class='ocrx_word' id='word_1_641' title='bbox 2912 3436 3025 3488; x_wconf 74' lang='grc' dir='ltr'><strong>Καὶ</strong></span> <span class='ocrx_word' id='word_1_642' title='bbox 3058 3414 3498 3513; x_wconf 69' lang='grc' dir='ltr'><strong>πληρωθήσεται,</strong></span> <span class='ocrx_word' id='word_1_643' title='bbox 3520 3414 3689 3516; x_wconf 66' lang='grc' dir='ltr'><strong>πῶς;</strong></span> 
     </span>
    </p>
   </div>
   <div class='ocr_carea' id='block_1_91' title="bbox 2117 3506 3690 3601">
    <p class='ocr_par' dir='ltr' id='par_1_91' title="bbox 2117 3506 3690 3601">
     <span class='ocr_line' id='line_1_92' title="bbox 2117 3506 3690 3601; baseline 0.022 -43"><span class='ocrx_word' id='word_1_644' title='bbox 2117 3506 2244 3561; x_wconf 82' lang='grc' dir='ltr'><strong>Ἐὰν</strong></span> <span class='ocrx_word' id='word_1_645' title='bbox 2269 3510 2499 3577; x_wconf 80' lang='grc' dir='ltr'><strong>ἕκαστος</strong></span> <span class='ocrx_word' id='word_1_646' title='bbox 2525 3518 2683 3586; x_wconf 76' lang='grc' dir='ltr'><strong>ἡμῶν</strong></span> <span class='ocrx_word' id='word_1_647' title='bbox 2712 3521 2819 3576; x_wconf 84' lang='grc' dir='ltr'><strong>τῶν</strong></span> <span class='ocrx_word' id='word_1_648' title='bbox 2846 3526 2907 3578; x_wconf 83' lang='grc' dir='ltr'><strong>ὲν</strong></span> <span class='ocrx_word' id='word_1_649' title='bbox 2938 3530 3054 3588; x_wconf 86' lang='grc' dir='ltr'><strong>ταῖς</strong></span> <span class='ocrx_word' id='word_1_650' title='bbox 3088 3506 3348 3601; x_wconf 79' lang='grc' dir='ltr'><strong>παρόδοις</strong></span> <span class='ocrx_word' id='word_1_651' title='bbox 3391 3537 3690 3593; x_wconf 81' lang='grc' dir='ltr'><strong>καθεστώ-</strong></span> 
     </span>
    </p>
   </div>
   <div class='ocr_carea' id='block_1_92' title="bbox 2101 3601 3691 3706">
    <p class='ocr_par' dir='ltr' id='par_1_92' title="bbox 2101 3601 3691 3706">
     <span class='ocr_line' id='line_1_93' title="bbox 2101 3601 3691 3706; baseline 0.024 -58"><span class='ocrx_word' id='word_1_652' title='bbox 2101 3613 2212 3651; x_wconf 87' lang='grc' dir='ltr'><strong>των</strong></span> <span class='ocrx_word' id='word_1_653' title='bbox 2246 3601 2583 3673; x_wconf 82' lang='grc' dir='ltr'><strong>ὲπισκόπων,</strong></span> <span class='ocrx_word' id='word_1_654' title='bbox 2609 3609 2718 3663; x_wconf 88' lang='grc' dir='ltr'><strong>τῶν</strong></span> <span class='ocrx_word' id='word_1_655' title='bbox 2751 3614 2810 3667; x_wconf 80' lang='grc' dir='ltr'><strong>ἐν</strong></span> <span class='ocrx_word' id='word_1_656' title='bbox 2841 3618 2962 3679; x_wconf 82' lang='grc' dir='ltr'><strong>ταῖς</strong></span> <span class='ocrx_word' id='word_1_657' title='bbox 3004 3620 3225 3677; x_wconf 84' lang='grc' dir='ltr'><strong>πόλεσιν</strong></span> <span class='ocrx_word' id='word_1_658' title='bbox 3277 3625 3447 3681; x_wconf 76' lang='grc' dir='ltr'><strong>ὄντων</strong></span> <span class='ocrx_word' id='word_1_659' title='bbox 3475 3629 3691 3706; x_wconf 80' lang='grc' dir='ltr'><strong>δηλαδὴ</strong></span> 
     </span>
    </p>
   </div>
   <div class='ocr_carea' id='block_1_93' title="bbox 2101 3688 3688 3788">
    <p class='ocr_par' dir='ltr' id='par_1_93' title="bbox 2101 3688 3688 3788">
     <span class='ocr_line' id='line_1_94' title="bbox 2101 3688 3688 3788; baseline 0.024 -48"><span class='ocrx_word' id='word_1_660' title='bbox 2101 3688 2212 3743; x_wconf 84' lang='grc' dir='ltr'><strong>τῶν</strong></span> <span class='ocrx_word' id='word_1_661' title='bbox 2237 3692 2296 3744; x_wconf 87' lang='grc' dir='ltr'><strong>ἐν</strong></span> <span class='ocrx_word' id='word_1_662' title='bbox 2340 3698 2462 3759; x_wconf 86' lang='grc' dir='ltr'><strong>ταῖς</strong></span> <span class='ocrx_word' id='word_1_663' title='bbox 2492 3698 2781 3769; x_wconf 83' lang='grc' dir='ltr'><strong>δημοσίαις</strong></span> <span class='ocrx_word' id='word_1_664' title='bbox 2825 3710 3099 3778; x_wconf 85' lang='grc' dir='ltr'><strong>κειμένων</strong></span> <span class='ocrx_word' id='word_1_665' title='bbox 3123 3714 3281 3782; x_wconf 80' lang='grc' dir='ltr'><strong>ὁδοῖς,</strong></span> <span class='ocrx_word' id='word_1_666' title='bbox 3317 3718 3437 3788; x_wconf 80' lang='grc' dir='ltr'><strong>ἦτοι</strong></span> <span class='ocrx_word' id='word_1_667' title='bbox 3504 3688 3688 3777; x_wconf 66' lang='grc' dir='ltr'><strong>κανα-ἶ</strong></span> 
     </span>
    </p>
   </div>
   <div class='ocr_carea' id='block_1_94' title="bbox 2100 3777 3689 3880">
    <p class='ocr_par' dir='ltr' id='par_1_94' title="bbox 2100 3777 3689 3880">
     <span class='ocr_line' id='line_1_95' title="bbox 2100 3777 3689 3880; baseline 0.025 -50"><span class='ocrx_word' id='word_1_668' title='bbox 2100 3777 2218 3849; x_wconf 85' lang='grc' dir='ltr'><strong>λίῳ,</strong></span> <span class='ocrx_word' id='word_1_669' title='bbox 2244 3782 2321 3835; x_wconf 84' lang='grc' dir='ltr'><strong>δι’</strong></span> <span class='ocrx_word' id='word_1_670' title='bbox 2353 3779 2428 3839; x_wconf 82' lang='grc' dir='ltr'><strong>ὧν</strong></span> <span class='ocrx_word' id='word_1_671' title='bbox 2456 3788 2761 3861; x_wconf 86' lang='grc' dir='ltr'><strong>διέρχονται</strong></span> <span class='ocrx_word' id='word_1_672' title='bbox 2787 3797 2837 3848; x_wconf 88' lang='grc' dir='ltr'><strong>οί</strong></span> <span class='ocrx_word' id='word_1_673' title='bbox 2881 3798 3211 3868; x_wconf 76' lang='grc' dir='ltr'><strong>διοδεύοντες</strong></span> <span class='ocrx_word' id='word_1_674' title='bbox 3244 3808 3689 3880; x_wconf 48' lang='grc' dir='ltr'><strong>ἀδιακόπως,λώς</strong></span> 
     </span>
    </p>
   </div>
   <div class='ocr_carea' id='block_1_95' title="bbox 2097 3870 3686 3973">
    <p class='ocr_par' dir='ltr' id='par_1_95' title="bbox 2097 3870 3686 3973">
     <span class='ocr_line' id='line_1_96' title="bbox 2097 3870 3686 3973; baseline 0.024 -52"><span class='ocrx_word' id='word_1_675' title='bbox 2097 3870 2295 3927; x_wconf 84' lang='grc' dir='ltr'><strong>δίεισιν</strong></span> <span class='ocrx_word' id='word_1_676' title='bbox 2319 3876 2377 3929; x_wconf 84' lang='grc' dir='ltr'><strong>ἐν</strong></span> <span class='ocrx_word' id='word_1_677' title='bbox 2402 3877 2732 3954; x_wconf 83' lang='grc' dir='ltr'><strong>ὑδραγωγίῳ</strong></span> <span class='ocrx_word' id='word_1_678' title='bbox 2757 3886 2819 3939; x_wconf 86' lang='grc' dir='ltr'><strong>τὸ</strong></span> <span class='ocrx_word' id='word_1_679' title='bbox 2850 3887 2996 3956; x_wconf 75' lang='grc' dir='ltr'><strong>ὕδωρ</strong></span> <span class='ocrx_word' id='word_1_680' title='bbox 3035 3894 3283 3963; x_wconf 85' lang='grc' dir='ltr'><strong>(κανάλις</strong></span> <span class='ocrx_word' id='word_1_681' title='bbox 3330 3901 3436 3970; x_wconf 89' lang='grc' dir='ltr'><strong>γάρ</strong></span> <span class='ocrx_word' id='word_1_682' title='bbox 3461 3870 3686 3973; x_wconf 48' lang='grc' dir='ltr'><strong>όιγιιῖγὸςζ</strong></span> 
     </span>
    </p>
   </div>
   <div class='ocr_carea' id='block_1_96' title="bbox 2099 3960 3679 4059">
    <p class='ocr_par' dir='ltr' id='par_1_96' title="bbox 2099 3960 3679 4059">
     <span class='ocr_line' id='line_1_97' title="bbox 2099 3960 3679 4059; baseline 0.022 -44"><span class='ocrx_word' id='word_1_683' title='bbox 2099 3960 2288 4027; x_wconf 76' lang='grc' dir='ltr'><strong>ὕδατος</strong></span> <span class='ocrx_word' id='word_1_684' title='bbox 2316 3966 2559 4037; x_wconf 83' lang='grc' dir='ltr'><strong>λέγεται,</strong></span> <span class='ocrx_word' id='word_1_685' title='bbox 2590 3975 2621 4043; x_wconf 83' lang='grc' dir='ltr'>ἡ</span> <span class='ocrx_word' id='word_1_686' title='bbox 2653 3975 2711 4027; x_wconf 81' lang='grc' dir='ltr'><strong>δὲ</strong></span> <span class='ocrx_word' id='word_1_687' title='bbox 2754 3976 2900 4044; x_wconf 77' lang='grc' dir='ltr'><strong>λέξις</strong></span> <span class='ocrx_word' id='word_1_688' title='bbox 2948 3960 3285 4059; x_wconf 74' lang='grc' dir='ltr'><strong>Ῥωμαῖκὴ),</strong></span> <span class='ocrx_word' id='word_1_689' title='bbox 3398 3960 3520 4045; x_wconf 43' lang='grc' dir='ltr'><strong>οὖν.</strong></span> <span class='ocrx_word' id='word_1_690' title='bbox 3540 3960 3679 4050; x_wconf 66' lang='grc' dir='ltr'><strong>ἓκαΣ</strong></span> 
     </span>
    </p>
   </div>
   <div class='ocr_carea' id='block_1_97' title="bbox 2098 4060 3679 4150">
    <p class='ocr_par' dir='ltr' id='par_1_97' title="bbox 2098 4060 3679 4150">
     <span class='ocr_line' id='line_1_98' title="bbox 2098 4060 3679 4150; baseline 0.023 -43"><span class='ocrx_word' id='word_1_691' title='bbox 2098 4072 2221 4121; x_wconf 89' lang='grc' dir='ltr'><strong>στος</strong></span> <span class='ocrx_word' id='word_1_692' title='bbox 2275 4060 2455 4129; x_wconf 84' lang='grc' dir='ltr'><strong>ἡμῶν,</strong></span> <span class='ocrx_word' id='word_1_693' title='bbox 2486 4066 2639 4133; x_wconf 75' lang='grc' dir='ltr'><strong>φασὶ,</strong></span> <span class='ocrx_word' id='word_1_694' title='bbox 2677 4067 3013 4142; x_wconf 78' lang='grc' dir='ltr'><strong>θεασάμενος</strong></span> <span class='ocrx_word' id='word_1_695' title='bbox 3068 4080 3389 4150; x_wconf 77' lang='grc' dir='ltr'><strong>ἐπίσκοπον,</strong></span> <span class='ocrx_word' id='word_1_696' title='bbox 3441 4088 3679 4145; x_wconf 73' lang='grc' dir='ltr'><strong>ἀπιόντα</strong></span> 
     </span>
    </p>
   </div>
   <div class='ocr_carea' id='block_1_98' title="bbox 2096 4153 3679 4252">
    <p class='ocr_par' dir='ltr' id='par_1_98' title="bbox 2096 4153 3679 4252">
     <span class='ocr_line' id='line_1_99' title="bbox 2096 4153 3679 4252; baseline 0.022 -52"><span class='ocrx_word' id='word_1_697' title='bbox 2096 4165 2221 4212; x_wconf 89' lang='grc' dir='ltr'><strong>που,</strong></span> <span class='ocrx_word' id='word_1_698' title='bbox 2250 4153 2507 4223; x_wconf 80' lang='grc' dir='ltr'><strong>ἐκζητοίη</strong></span> <span class='ocrx_word' id='word_1_699' title='bbox 2550 4159 2649 4227; x_wconf 81' lang='grc' dir='ltr'><strong>τὴν</strong></span> <span class='ocrx_word' id='word_1_700' title='bbox 2674 4161 2856 4215; x_wconf 75' lang='grc' dir='ltr'><strong>αἰτίαν</strong></span> <span class='ocrx_word' id='word_1_701' title='bbox 2887 4168 2986 4235; x_wconf 85' lang='grc' dir='ltr'><strong>τῆς</strong></span> <span class='ocrx_word' id='word_1_702' title='bbox 3028 4173 3287 4239; x_wconf 87' lang='grc' dir='ltr'><strong>παρόδου,</strong></span> <span class='ocrx_word' id='word_1_703' title='bbox 3326 4179 3418 4231; x_wconf 74' lang='grc' dir='ltr'><strong>καὶ</strong></span> <span class='ocrx_word' id='word_1_704' title='bbox 3444 4180 3546 4233; x_wconf 79' lang='grc' dir='ltr'><strong>ποῦ</strong></span> <span class='ocrx_word' id='word_1_705' title='bbox 3574 4184 3679 4252; x_wconf 72' lang='grc' dir='ltr'><strong>τὴν</strong></span> 
     </span>
    </p>
   </div>
   <div class='ocr_carea' id='block_1_99' title="bbox 2094 4244 3678 4341">
    <p class='ocr_par' dir='ltr' id='par_1_99' title="bbox 2094 4244 3678 4341">
     <span class='ocr_line' id='line_1_100' title="bbox 2094 4244 3678 4341; baseline 0.023 -49"><span class='ocrx_word' id='word_1_706' title='bbox 2094 4244 2325 4313; x_wconf 84' lang='grc' dir='ltr'><strong>πορείαν</strong></span> <span class='ocrx_word' id='word_1_707' title='bbox 2357 4250 2591 4303; x_wconf 87' lang='grc' dir='ltr'><strong>ποιεῖται</strong></span> <span class='ocrx_word' id='word_1_708' title='bbox 2617 4253 2709 4304; x_wconf 82' lang='grc' dir='ltr'><strong>καὶ</strong></span> <span class='ocrx_word' id='word_1_709' title='bbox 2742 4254 2831 4307; x_wconf 89' lang='grc' dir='ltr'><strong>διά</strong></span> <span class='ocrx_word' id='word_1_710' title='bbox 2869 4258 2945 4321; x_wconf 90' lang='grc' dir='ltr'><strong>τί,</strong></span> <span class='ocrx_word' id='word_1_711' title='bbox 2982 4260 3078 4313; x_wconf 81' lang='grc' dir='ltr'><strong>καὶ</strong></span> <span class='ocrx_word' id='word_1_712' title='bbox 3108 4265 3139 4334; x_wconf 77' lang='grc' dir='ltr'><strong>ἡ</strong></span> <span class='ocrx_word' id='word_1_713' title='bbox 3197 4266 3344 4320; x_wconf 78' lang='grc' dir='ltr'><strong>αἰτία</strong></span> <span class='ocrx_word' id='word_1_714' title='bbox 3376 4271 3471 4341; x_wconf 85' lang='grc' dir='ltr'><strong>τῆς</strong></span> <span class='ocrx_word' id='word_1_715' title='bbox 3504 4244 3678 4329; x_wconf 67' lang='grc' dir='ltr'><strong>κατα-</strong></span> 
     </span>
    </p>
   </div>
   <div class='ocr_carea' id='block_1_100' title="bbox 2092 4332 3675 4434">
    <p class='ocr_par' dir='ltr' id='par_1_100' title="bbox 2092 4332 3675 4434">
     <span class='ocr_line' id='line_1_101' title="bbox 2092 4332 3675 4434; baseline 0.023 -50"><span class='ocrx_word' id='word_1_716' title='bbox 2092 4332 2347 4401; x_wconf 85' lang='grc' dir='ltr'><strong>γνώσεως</strong></span> <span class='ocrx_word' id='word_1_717' title='bbox 2376 4337 2487 4391; x_wconf 82' lang='grc' dir='ltr'><strong>τῶν</strong></span> <span class='ocrx_word' id='word_1_718' title='bbox 2515 4343 2827 4399; x_wconf 85' lang='grc' dir='ltr'><strong>ἐπισκόπων</strong></span> <span class='ocrx_word' id='word_1_719' title='bbox 2868 4332 3246 4423; x_wconf 80' lang='grc' dir='ltr'><strong>κωλυθήσεται</strong></span> <span class='ocrx_word' id='word_1_720' title='bbox 3271 4375 3285 4389; x_wconf 67' lang='grc' dir='ltr'><strong>ι</strong></span> <span class='ocrx_word' id='word_1_721' title='bbox 3317 4332 3540 4417; x_wconf 57' lang='grc' dir='ltr'><strong>καὶέἀν</strong></span> <span class='ocrx_word' id='word_1_722' title='bbox 3571 4368 3675 4434; x_wconf 80' lang='grc' dir='ltr'><strong>μὲν</strong></span> 
     </span>
    </p>
   </div>
   <div class='ocr_carea' id='block_1_101' title="bbox 2091 4425 3677 4527">
    <p class='ocr_par' dir='ltr' id='par_1_101' title="bbox 2091 4425 3677 4527">
     <span class='ocr_line' id='line_1_102' title="bbox 2091 4425 3677 4527; baseline 0.023 -51"><span class='ocrx_word' id='word_1_723' title='bbox 2091 4425 2205 4496; x_wconf 87' lang='grc' dir='ltr'><strong>γνῷ</strong></span> <span class='ocrx_word' id='word_1_724' title='bbox 2240 4429 2402 4483; x_wconf 76' lang='grc' dir='ltr'><strong>αὑτὸν</strong></span> <span class='ocrx_word' id='word_1_725' title='bbox 2432 4431 2525 4483; x_wconf 75' lang='grc' dir='ltr'><strong>ἐπὶ</strong></span> <span class='ocrx_word' id='word_1_726' title='bbox 2569 4434 2631 4487; x_wconf 86' lang='grc' dir='ltr'><strong>τὸ</strong></span> <span class='ocrx_word' id='word_1_727' title='bbox 2663 4439 3028 4506; x_wconf 86' lang='grc' dir='ltr'><strong>στρατόπεδον</strong></span> <span class='ocrx_word' id='word_1_728' title='bbox 3071 4446 3329 4518; x_wconf 86' lang='grc' dir='ltr'><strong>ἀπιόντα,</strong></span> <span class='ocrx_word' id='word_1_729' title='bbox 3364 4425 3677 4527; x_wconf 62' lang='grc' dir='ltr'><strong>ἐπιζητείτω</strong></span> 
     </span>
    </p>
   </div>
   <div class='ocr_carea' id='block_1_102' title="bbox 2092 4514 3666 4618">
    <p class='ocr_par' dir='ltr' id='par_1_102' title="bbox 2092 4514 3666 4618">
     <span class='ocr_line' id='line_1_103' title="bbox 2092 4514 3666 4618; baseline 0.023 -53"><span class='ocrx_word' id='word_1_730' title='bbox 2092 4514 2186 4575; x_wconf 81' lang='grc' dir='ltr'><strong>τὰς</strong></span> <span class='ocrx_word' id='word_1_731' title='bbox 2219 4517 2464 4586; x_wconf 81' lang='grc' dir='ltr'><strong>αἱρέσεις</strong></span> <span class='ocrx_word' id='word_1_732' title='bbox 2483 4522 2583 4584; x_wconf 73' lang='grc' dir='ltr'><strong>τὰς</strong></span> <span class='ocrx_word' id='word_1_733' title='bbox 2611 4525 2799 4580; x_wconf 86' lang='grc' dir='ltr'><strong>ἐπάνω</strong></span> <span class='ocrx_word' id='word_1_734' title='bbox 2854 4533 3116 4598; x_wconf 84' lang='grc' dir='ltr'><strong>κειμένας</strong></span> <span class='ocrx_word' id='word_1_735' title='bbox 3136 4576 3151 4601; x_wconf 92' lang='grc'><strong>,</strong></span> <span class='ocrx_word' id='word_1_736' title='bbox 3204 4514 3376 4607; x_wconf 68' lang='grc' dir='ltr'><strong>ἤγουν</strong></span> <span class='ocrx_word' id='word_1_737' title='bbox 3564 4549 3666 4618; x_wconf 63' lang='grc' dir='ltr'><strong>ἤδη</strong></span> 
     </span>
    </p>
   </div>
   <div class='ocr_carea' id='block_1_103' title="bbox 2092 4605 3670 4708">
    <p class='ocr_par' dir='ltr' id='par_1_103' title="bbox 2092 4605 3670 4708">
     <span class='ocr_line' id='line_1_104' title="bbox 2092 4605 3670 4708; baseline 0.027 -57"><span class='ocrx_word' id='word_1_738' title='bbox 2092 4605 2355 4675; x_wconf 78' lang='grc' dir='ltr'><strong>ῥηθείσας</strong></span> <span class='ocrx_word' id='word_1_739' title='bbox 2380 4610 2676 4679; x_wconf 77' lang='grc' dir='ltr'><strong>διαστίξεις</strong></span> <span class='ocrx_word' id='word_1_740' title='bbox 2700 4618 2757 4671; x_wconf 79' lang='grc' dir='ltr'><strong>ἐν</strong></span> <span class='ocrx_word' id='word_1_741' title='bbox 2782 4620 2859 4690; x_wconf 83' lang='grc' dir='ltr'><strong>τῷ</strong></span> <span class='ocrx_word' id='word_1_742' title='bbox 2896 4620 2939 4686; x_wconf 76' lang='grc' dir='ltr'><strong>ζ’</strong></span> <span class='ocrx_word' id='word_1_743' title='bbox 2965 4624 3063 4678; x_wconf 81' lang='grc' dir='ltr'><strong>καὶ</strong></span> <span class='ocrx_word' id='word_1_744' title='bbox 3087 4627 3141 4696; x_wconf 85' lang='grc' dir='ltr'><strong>η’</strong></span> <span class='ocrx_word' id='word_1_745' title='bbox 3169 4605 3264 4683; x_wconf 73' lang='grc' dir='ltr'><strong>καῖ</strong></span> <span class='ocrx_word' id='word_1_746' title='bbox 3283 4633 3325 4684; x_wconf 84' lang='grc' dir='ltr'><strong>θ¹</strong></span> <span class='ocrx_word' id='word_1_747' title='bbox 3355 4605 3541 4690; x_wconf 79' lang='grc' dir='ltr'><strong>κανόνι</strong></span> 
     </span>
    </p>
   </div>
   <div class='ocr_carea' id='block_1_104' title="bbox 2092 4700 3665 4802">
    <p class='ocr_par' dir='ltr' id='par_1_104' title="bbox 2092 4700 3665 4802">
     <span class='ocr_line' id='line_1_105' title="bbox 2092 4700 3665 4802; baseline 0.024 -53"><span class='ocrx_word' id='word_1_748' title='bbox 2092 4700 2570 4778; x_wconf 81' lang='grc' dir='ltr'><strong>συνόδου,ταύτης.</strong></span> <span class='ocrx_word' id='word_1_749' title='bbox 2622 4711 2732 4763; x_wconf 74' lang='grc' dir='ltr'><strong>Καὶ</strong></span> <span class='ocrx_word' id='word_1_750' title='bbox 2764 4716 2812 4766; x_wconf 80' lang='grc' dir='ltr'><strong>εί</strong></span> <span class='ocrx_word' id='word_1_751' title='bbox 2846 4716 2948 4783; x_wconf 82' lang='grc' dir='ltr'><strong>μὲν</strong></span> <span class='ocrx_word' id='word_1_752' title='bbox 2990 4720 3330 4793; x_wconf 88' lang='grc' dir='ltr'><strong>καλούμενος</strong></span> <span class='ocrx_word' id='word_1_753' title='bbox 3384 4732 3470 4801; x_wconf 62' lang='grc' dir='ltr'><strong>ειη</strong></span> <span class='ocrx_word' id='word_1_754' title='bbox 3514 4700 3665 4802; x_wconf 44' lang='grc' dir='ltr'><strong>παρ-ὰ</strong></span> 
     </span>
    </p>
   </div>
   <div class='ocr_carea' id='block_1_105' title="bbox 2087 4972 3659 5077">
    <p class='ocr_par' dir='ltr' id='par_1_105' title="bbox 2087 4972 3659 5077">
     <span class='ocr_line' id='line_1_106' title="bbox 2087 4972 3659 5077; baseline 0.025 -53"><span class='ocrx_word' id='word_1_755' title='bbox 2087 4972 2174 5039; x_wconf 81' lang='grc' dir='ltr'><strong>ξαι</strong></span> <span class='ocrx_word' id='word_1_756' title='bbox 2209 4976 2268 5027; x_wconf 83' lang='grc' dir='ltr'><strong>ἐν</strong></span> <span class='ocrx_word' id='word_1_757' title='bbox 2299 4978 2436 5051; x_wconf 76' lang='grc' dir='ltr'><strong>ἄλλῃ</strong></span> <span class='ocrx_word' id='word_1_758' title='bbox 2462 4984 2633 5048; x_wconf 80' lang='grc' dir='ltr'><strong>πόλει,</strong></span> <span class='ocrx_word' id='word_1_759' title='bbox 2668 4985 3017 5053; x_wconf 82' lang='grc' dir='ltr'><strong>διαλέξασθαί</strong></span> <span class='ocrx_word' id='word_1_760' title='bbox 3051 5011 3110 5047; x_wconf 89' lang='grc' dir='ltr'><strong>τε</strong></span> <span class='ocrx_word' id='word_1_761' title='bbox 3156 5001 3248 5050; x_wconf 83' lang='grc' dir='ltr'><strong>καὶ</strong></span> <span class='ocrx_word' id='word_1_762' title='bbox 3297 5008 3659 5077; x_wconf 71' lang='grc' dir='ltr'><strong>καταισχῦναι</strong></span> 
     </span>
    </p>
   </div>
   <div class='ocr_carea' id='block_1_106' title="bbox 2086 5065 3663 5166">
    <p class='ocr_par' dir='ltr' id='par_1_106' title="bbox 2086 5065 3663 5166">
     <span class='ocr_line' id='line_1_107' title="bbox 2086 5065 3663 5166; baseline 0.02 -49"><span class='ocrx_word' id='word_1_763' title='bbox 2086 5065 2181 5118; x_wconf 84' lang='grc' dir='ltr'><strong>τὸν</strong></span> <span class='ocrx_word' id='word_1_764' title='bbox 2207 5069 2323 5121; x_wconf 79' lang='grc' dir='ltr'><strong>ἐκεῖ</strong></span> <span class='ocrx_word' id='word_1_765' title='bbox 2374 5073 2692 5129; x_wconf 85' lang='grc' dir='ltr'><strong>καθεστῶτα</strong></span> <span class='ocrx_word' id='word_1_766' title='bbox 2725 5080 3101 5158; x_wconf 79' lang='grc' dir='ltr'><strong>ἐπίσκοπον,ἢ</strong></span> <span class='ocrx_word' id='word_1_767' title='bbox 3134 5091 3228 5142; x_wconf 77' lang='grc' dir='ltr'><strong>ἐπὶ</strong></span> <span class='ocrx_word' id='word_1_768' title='bbox 3261 5093 3320 5145; x_wconf 66' lang='grc' dir='ltr'><strong>τὸ</strong></span> <span class='ocrx_word' id='word_1_769' title='bbox 3362 5065 3663 5166; x_wconf 60' lang='grc' dir='ltr'><strong>στρατόπε.</strong></span> 
     </span>
    </p>
   </div>
   <div class='ocr_carea' id='block_1_107' title="bbox 2082 5155 3658 5255">
    <p class='ocr_par' dir='ltr' id='par_1_107' title="bbox 2082 5155 3658 5255">
     <span class='ocr_line' id='line_1_108' title="bbox 2082 5155 3658 5255; baseline 0.023 -47"><span class='ocrx_word' id='word_1_770' title='bbox 2082 5155 2174 5210; x_wconf 87' lang='grc' dir='ltr'><strong>δον</strong></span> <span class='ocrx_word' id='word_1_771' title='bbox 2220 5161 2584 5231; x_wconf 75' lang='grc' dir='ltr'><strong>πεπόρευται,</strong></span> <span class='ocrx_word' id='word_1_772' title='bbox 2620 5168 2740 5238; x_wconf 71' lang='grc' dir='ltr'><strong>ἦτοι</strong></span> <span class='ocrx_word' id='word_1_773' title='bbox 2772 5172 2909 5242; x_wconf 87' lang='grc' dir='ltr'><strong>πρὸς</strong></span> <span class='ocrx_word' id='word_1_774' title='bbox 2937 5155 3162 5243; x_wconf 72' lang='grc' dir='ltr'><strong>βασιλέα</strong></span> <span class='ocrx_word' id='word_1_775' title='bbox 3213 5155 3456 5252; x_wconf 54' lang='grc' dir='ltr'><strong>ἄπεισιν,</strong></span> <span class='ocrx_word' id='word_1_776' title='bbox 3492 5191 3658 5255; x_wconf 84' lang='grc' dir='ltr'><strong>ἀξιώ-</strong></span> 
     </span>
    </p>
   </div>
   <div class='ocr_carea' id='block_1_108' title="bbox 2085 5254 3654 5344">
    <p class='ocr_par' dir='ltr' id='par_1_108' title="bbox 2085 5254 3654 5344">
     <span class='ocr_line' id='line_1_109' title="bbox 2085 5254 3654 5344; baseline 0.023 -47"><span class='ocrx_word' id='word_1_777' title='bbox 2085 5262 2219 5312; x_wconf 78' lang='grc' dir='ltr'><strong>σεις,</strong></span> <span class='ocrx_word' id='word_1_778' title='bbox 2291 5254 2579 5309; x_wconf 84' lang='grc' dir='ltr'><strong>τουτέστιν</strong></span> <span class='ocrx_word' id='word_1_779' title='bbox 2625 5259 2894 5329; x_wconf 83' lang='grc' dir='ltr'><strong>αἰτήσεις,</strong></span> <span class='ocrx_word' id='word_1_780' title='bbox 2959 5269 3305 5336; x_wconf 79' lang='grc' dir='ltr'><strong>ποιούμενος,</strong></span> <span class='ocrx_word' id='word_1_781' title='bbox 3355 5275 3494 5344; x_wconf 82' lang='grc' dir='ltr'><strong>μήτε</strong></span> <span class='ocrx_word' id='word_1_782' title='bbox 3545 5282 3654 5343; x_wconf 65' lang='grc' dir='ltr'><strong>τὶς</strong></span> 
     </span>
    </p>
   </div>
   <div class='ocr_carea' id='block_1_109' title="bbox 2083 5339 3656 5439">
    <p class='ocr_par' dir='ltr' id='par_1_109' title="bbox 2083 5339 3656 5439">
     <span class='ocr_line' id='line_1_110' title="bbox 2083 5339 3656 5439; baseline 0.02 -50"><span class='ocrx_word' id='word_1_783' title='bbox 2083 5339 2412 5410; x_wconf 82' lang='grc' dir='ltr'><strong>γράμμασιν</strong></span> <span class='ocrx_word' id='word_1_784' title='bbox 2439 5345 2605 5399; x_wconf 85' lang='grc' dir='ltr'><strong>αὑτοῦ</strong></span> <span class='ocrx_word' id='word_1_785' title='bbox 2635 5348 3026 5421; x_wconf 84' lang='grc' dir='ltr'><strong>ὑπογραφέτω,</strong></span> <span class='ocrx_word' id='word_1_786' title='bbox 3054 5360 3176 5420; x_wconf 86' lang='grc' dir='ltr'><strong>ταῖς</strong></span> <span class='ocrx_word' id='word_1_787' title='bbox 3201 5339 3510 5430; x_wconf 74' lang='grc' dir='ltr'><strong>εἰρηνικαῖς</strong></span> <span class='ocrx_word' id='word_1_788' title='bbox 3558 5339 3656 5439; x_wconf 56' lang='grc' dir='ltr'><strong>δη;</strong></span> 
     </span>
    </p>
   </div>
   <div class='ocr_carea' id='block_1_110' title="bbox 2082 5428 3654 5529">
    <p class='ocr_par' dir='ltr' id='par_1_110' title="bbox 2082 5428 3654 5529">
     <span class='ocr_line' id='line_1_111' title="bbox 2082 5428 3654 5529; baseline 0.022 -49"><span class='ocrx_word' id='word_1_789' title='bbox 2082 5428 2259 5484; x_wconf 84' lang='grc' dir='ltr'><strong>λονότι</strong></span> <span class='ocrx_word' id='word_1_790' title='bbox 2282 5434 2618 5506; x_wconf 81' lang='grc' dir='ltr'><strong>ἐπιστολαῖς,</strong></span> <span class='ocrx_word' id='word_1_791' title='bbox 2652 5442 2791 5512; x_wconf 81' lang='grc' dir='ltr'><strong>μήτε</strong></span> <span class='ocrx_word' id='word_1_792' title='bbox 2819 5451 3147 5503; x_wconf 86' lang='grc' dir='ltr'><strong>κοινωνείτω</strong></span> <span class='ocrx_word' id='word_1_793' title='bbox 3175 5452 3253 5521; x_wconf 84' lang='grc' dir='ltr'><strong>τῷ</strong></span> <span class='ocrx_word' id='word_1_794' title='bbox 3288 5456 3541 5529; x_wconf 82' lang='grc' dir='ltr'><strong>τοιούτῳ,</strong></span> <span class='ocrx_word' id='word_1_795' title='bbox 3577 5461 3654 5523; x_wconf 85' lang='grc' dir='ltr'><strong>ὡς</strong></span> 
     </span>
    </p>
   </div>
   <div class='ocr_carea' id='block_1_111' title="bbox 2080 5520 3650 5622">
    <p class='ocr_par' dir='ltr' id='par_1_111' title="bbox 2080 5520 3650 5622">
     <span class='ocr_line' id='line_1_112' title="bbox 2080 5520 3650 5622; baseline 0.022 -50"><span class='ocrx_word' id='word_1_796' title='bbox 2080 5520 2143 5573; x_wconf 89' lang='grc' dir='ltr'><strong>ἐκ</strong></span> <span class='ocrx_word' id='word_1_797' title='bbox 2175 5523 2269 5575; x_wconf 87' lang='grc' dir='ltr'><strong>τοῦ</strong></span> <span class='ocrx_word' id='word_1_798' title='bbox 2320 5528 2549 5592; x_wconf 89' lang='grc' dir='ltr'><strong>κανόνος</strong></span> <span class='ocrx_word' id='word_1_799' title='bbox 2605 5534 3001 5609; x_wconf 80' lang='grc' dir='ltr'><strong>καθῃρημένῳ.</strong></span> <span class='ocrx_word' id='word_1_800' title='bbox 3060 5520 3291 5615; x_wconf 75' lang='grc' dir='ltr'><strong>Εἴρηται</strong></span> <span class='ocrx_word' id='word_1_801' title='bbox 3347 5548 3456 5618; x_wconf 82' lang='grc' dir='ltr'><strong>γὰρ</strong></span> <span class='ocrx_word' id='word_1_802' title='bbox 3576 5520 3650 5622; x_wconf 55' lang='grc' dir='ltr'><strong>τῷ</strong></span> 
     </span>
    </p>
   </div>
   <div class='ocr_carea' id='block_1_112' title="bbox 2074 5610 3650 5710">
    <p class='ocr_par' dir='ltr' id='par_1_112' title="bbox 2074 5610 3650 5710">
     <span class='ocr_line' id='line_1_113' title="bbox 2074 5610 3650 5710; baseline 0.023 -48"><span class='ocrx_word' id='word_1_803' title='bbox 2074 5610 2289 5685; x_wconf 82' lang='grc' dir='ltr'><strong>δεκάτῳ</strong></span> <span class='ocrx_word' id='word_1_804' title='bbox 2317 5621 2504 5674; x_wconf 89' lang='grc' dir='ltr'><strong>κανόνι</strong></span> <span class='ocrx_word' id='word_1_805' title='bbox 2542 5622 2644 5691; x_wconf 84' lang='grc' dir='ltr'><strong>τῆς</strong></span> <span class='ocrx_word' id='word_1_806' title='bbox 2679 5627 2738 5677; x_wconf 86' lang='grc' dir='ltr'><strong>ἐν</strong></span> <span class='ocrx_word' id='word_1_807' title='bbox 2776 5627 3078 5702; x_wconf 69' lang='grc' dir='ltr'><strong>Ἀντιοχείᾳ</strong></span> <span class='ocrx_word' id='word_1_808' title='bbox 3107 5610 3330 5689; x_wconf 66' lang='grc' dir='ltr'><strong>συνόδου</strong></span> <span class='ocrx_word' id='word_1_809' title='bbox 3357 5610 3452 5710; x_wconf 21' lang='lat' dir='ltr'><strong>tui]</strong></span> <span class='ocrx_word' id='word_1_810' title='bbox 3485 5610 3650 5697; x_wconf 46' lang='lat' dir='ltr'><strong>6mm.-</strong></span> 
     </span>
    </p>
   </div>
   <div class='ocr_carea' id='block_1_113' title="bbox 2075 5704 3646 5803">
    <p class='ocr_par' dir='ltr' id='par_1_113' title="bbox 2075 5704 3646 5803">
     <span class='ocr_line' id='line_1_114' title="bbox 2075 5704 3646 5803; baseline 0.02 -48"><span class='ocrx_word' id='word_1_811' title='bbox 2075 5704 2203 5756; x_wconf 84' lang='grc' dir='ltr'><strong>σοαί</strong></span> <span class='ocrx_word' id='word_1_812' title='bbox 2225 5724 2347 5762; x_wconf 89' lang='grc' dir='ltr'><strong>τινα</strong></span> <span class='ocrx_word' id='word_1_813' title='bbox 2386 5712 2523 5782; x_wconf 81' lang='grc' dir='ltr'><strong>πρὸς</strong></span> <span class='ocrx_word' id='word_1_814' title='bbox 2551 5713 2780 5783; x_wconf 84' lang='grc' dir='ltr'><strong>βασιλέα</strong></span> <span class='ocrx_word' id='word_1_815' title='bbox 2809 5720 3055 5791; x_wconf 83' lang='grc' dir='ltr'><strong>ἀπιέναι,</strong></span> <span class='ocrx_word' id='word_1_816' title='bbox 3104 5729 3154 5780; x_wconf 82' lang='grc' dir='ltr'><strong>εἰ</strong></span> <span class='ocrx_word' id='word_1_817' title='bbox 3206 5730 3279 5801; x_wconf 81' lang='grc' dir='ltr'><strong>μὴ</strong></span> <span class='ocrx_word' id='word_1_818' title='bbox 3335 5704 3646 5803; x_wconf 68' lang='grc' dir='ltr'><strong>γράμματα</strong></span> 
     </span>
    </p>
   </div>
   <div class='ocr_carea' id='block_1_114' title="bbox 2009 5799 3647 5887">
    <p class='ocr_par' dir='ltr' id='par_1_114' title="bbox 2009 5799 3647 5887">
     <span class='ocr_line' id='line_1_115' title="bbox 2009 5799 3647 5887; baseline 0.02 -38"><span class='ocrx_word' id='word_1_819' title='bbox 2009 5799 2290 5857; x_wconf 79' lang='grc' dir='ltr'><strong>πισκόπων</strong></span> <span class='ocrx_word' id='word_1_820' title='bbox 2346 5805 2515 5877; x_wconf 78' lang='grc' dir='ltr'><strong>αὐτῆς</strong></span> <span class='ocrx_word' id='word_1_821' title='bbox 2550 5826 2563 5840; x_wconf 75' lang='grc' dir='ltr'><strong><em>ο</em></strong></span> <span class='ocrx_word' id='word_1_822' title='bbox 2600 5812 2692 5866; x_wconf 73' lang='grc' dir='ltr'><strong>τὸν</strong></span> <span class='ocrx_word' id='word_1_823' title='bbox 2726 5812 2781 5866; x_wconf 83' lang='grc' dir='ltr'><strong>δὲ</strong></span> <span class='ocrx_word' id='word_1_824' title='bbox 2845 5814 2921 5887; x_wconf 79' lang='grc' dir='ltr'><strong>μὴ</strong></span> <span class='ocrx_word' id='word_1_825' title='bbox 2979 5816 3118 5872; x_wconf 71' lang='grc' dir='ltr'><strong>οὕτω</strong></span> <span class='ocrx_word' id='word_1_826' title='bbox 3183 5824 3438 5882; x_wconf 79' lang='grc' dir='ltr'><strong>ποιοῦντα</strong></span> <span class='ocrx_word' id='word_1_827' title='bbox 3486 5829 3647 5883; x_wconf 62' lang='grc' dir='ltr'><strong>ἐκπίς</strong></span> 
     </span>
    </p>
   </div>
  </div>
