4052 6400
390 334 524 398 1497

1507 328 1583 389 ΙΝ
1623 327 1790 389 CAN.
1834 326 1971 385 XXI
2011 320 2229 383 CONC.
2264 318 2562 378 SARDIC.

3503 304 3639 368 H95

378 452 604 510 ΑΡΙΣΤ.
644 469 662 502 ι
712 449 769 503 ’0
796 450 862 502 τὰ
898 449 1078 513 καλῶς
1127 449 1221 502 καὶ
1252 446 1564 518 οεαρέστως
1617 446 1953 515 ἐνηνεγμενα

2068 435 2281 494 ειιιδτ.
2329 452 2348 487 ι
2379 434 2479 501 Qui
2532 446 2596 487 ea
2646 444 2765 501 quae
2819 427 3039 499 pulchre
3068 437 3122 480 ct
3155 425 3262 480 Dco
3295 431 3447 495 grate
3495 424 3636 476 edita

456 566 474 597 ι
508 544 665 614 τύφῳ
696 542 1117 613 παρασαλεῦσαι
1140 541 1480 612 πειρώμενος
1509 542 1609 594 οὐκ
1632 540 1954 601 ἐπίσκοπος.

459 658 477 691 ι
521 637 868 705 Τεθεαμένος
894 635 1197 698 ἐπίσκοπος
1231 635 1534 688 ἐπίσκοπον
1559 635 1851 705 ἐρχόμενον
1878 632 1958 695 είς

459 749 478 782 ι
515 727 901 799 στρατόπεδον,
921 725 1170 796 ἐμποδὼν
1197 725 1271 798 μὴ
1297 724 1550 792 γινέσθω,
1581 726 1629 777 εἰ
1647 724 1799 793 γνοίη
1818 721 1958 776 κατά

464 840 483 873 ι
516 839 568 874 τι
604 820 714 874 τῶν
743 817 1162 890 προειρημένων
1214 818 1513 888 ἐρχόμενον
1535 832 1548 844 ·
1578 819 1626 871 εί
1681 817 1727 870 δ’
1759 815 1955 880 ἄλλως,

469 932 488 966 ι
516 911 941 985 προαγγελλέτω
966 910 1027 964 τὸ
1053 908 1444 980 ἀκοινώνητον.
1484 928 1505 963 ι

465 1093 525 1146 '0
560 1093 636 1164 μὴ
663 1091 951 1160 φυλάττων
977 1092 1047 1145 τὰ
1090 1089 1272 1154 καλῶς
1302 1089 1397 1143 καὶ
1444 1088 1755 1159 θεαρέστως
1782 1105 1957 1143 καινι-

388 1189 606 1252 σθέντα,
634 1187 770 1241 ἀλλὰ
797 1186 955 1256 τύφῳ
982 1186 1074 1239 καὶ
1092 1184 1387 1254 ἀλαζονείᾳ
1416 1183 1497 1245 εἰς
1521 1181 1706 1251 ἕτερόν
1745 1198 1798 1233 τι
1847 1198 1956 1250 χω-

389 1285 503 1354 ρεϊν
526 1281 742 1352 τολμῶν
793 1283 926 1352 παρ’
954 1278 1119 1343 αὐτὰ,
1153 1278 1252 1349 τὴν
1300 1278 1468 1347 τιμὴν
1501 1277 1595 1331 καὶ
1641 1276 1704 1328 τὸ
1740 1274 1958 1343 ἀξῖωμα

384 1375 481 1444 τῆς
519 1374 828 1442 ἐπισκοπῆς
857 1372 1320 1444 ἀφαιρεθήσεται.
1368 1368 1527 1422 Ἐπεὶ
1556 1368 1612 1420 δέ
1654 1366 1754 1437 ἧδῆ
1788 1382 1958 1418 κεκα-

385 1468 626 1542 νόνιστᾳι
665 1466 738 1535 μὴ
767 1465 941 1527 ἄλλως
966 1461 1310 1533 ἀπέρχεσθαι
1346 1459 1647 1513 ἐπίσκοπον
1678 1460 1758 1521 είς
1788 1474 1959 1527 στρα-

385 1559 634 1620 τόπεδον,
672 1559 720 1610 εί
756 1556 833 1627 μὴ
880 1555 1185 1625 βασιλικοῖς
1213 1553 1508 1623 γράμμασι
1552 1550 1913 1621 μετακαλοῖτο
1939 1564 1954 1580 ⁸

382 1652 465 1704 ὖεηῖ
498 1651 588 1704 τὸν
614 1651 965 1721 διερχόμενον
993 1647 1301 1700 ἐπίσκοπον
1352 1646 1453 1715 τὴν
1490 1645 1678 1699 αἰτίαν
1733 1644 1962 1697 ἀπαιτεί

2137 548 2156 583 ι
2191 536 2337 591 sunt,
2365 542 2474 595 pra:
2506 525 2647 578 fastu
2679 520 3014 578 labefactare
3041 527 3294 584 conatur,
3326 516 3639 584 episcopatu

2136 640 2157 674 ι
2189 620 2413 678 excidit.
2473 615 2769 684 Episcopus
2799 612 2892 681 qui
2949 611 3262 679 episcopum
3324 606 3523 661 viderit
3574 604 3642 657 atl

2136 734 2155 768 ι
2189 724 2365 771 castra
2395 708 2854 781 proficiscentem,
2902 702 2945 757 si
3002 699 3222 754 sciverit
3253 712 3377 753 eum
3427 704 3644 765 propter

2138 826 2156 859 ι
2188 808 2425 874 aliquam
2459 819 2522 858 ex
2562 799 2736 856 causis
2767 794 3040 867 praedictis
3070 793 3402 855 venientem,
3438 803 3506 843 ne
3539 788 3643 842 im-

2139 919 2157 951 ι
2192 900 2499 969 pedimento
2528 894 2576 947 ei
2610 892 2677 946 sit
2705 908 2720 958 ;
2774 890 2859 945 sin
2914 886 3091 951 aliter,
3124 878 3642 939 excommunicatio-

2140 1007 2159 1041 ε
2195 1002 2314 1042 nem
2344 986 2393 1041 ei
2423 982 2724 1039 denuntiet.
2756 998 2774 1030 ι

2133 1122 2235 1189 Qui
2263 1135 2326 1175 ea
2354 1133 2475 1186 quae
2504 1115 2731 1186 pulchre
2778 1121 2835 1167 et
2889 1110 2997 1166 Deo
3032 1119 3184 1180 grate
3231 1107 3438 1161 sancita
3492 1116 3641 1179 sunt,

2060 1230 2166 1269 non
2198 1209 2596 1285 observansed
2644 1221 2755 1276 pra:
2783 1204 2924 1259 l‘astu
2959 1214 3009 1256 et
3048 1201 3360 1269 arrogantia
3396 1198 3460 1252 ad
3491 1198 3641 1252 aliud

2063 1318 2261 1378 praeter
2292 1319 2355 1358 ea
2405 1300 2686 1356 discedere
2725 1311 2890 1351 ausus
2931 1294 3112 1360 fuerit,
3166 1293 3428 1347 honorem
3459 1299 3514 1344 et
3563 1290 3644 1344 di-

2062 1397 2320 1469 gnitatem
2403 1389 2770 1462 episcopalem
2828 1386 3060 1441 amittet.
3134 1383 3399 1449 Quoniam
3459 1389 3641 1434 autem

2063 1490 2333 1544 sancitum
2362 1493 2466 1548 est,
2503 1483 2816 1552 episcopum
2849 1494 2954 1533 non
2990 1478 3147 1532 aliter
3190 1475 3257 1530 ad
3306 1485 3480 1528 castra
3510 1488 3639 1543 pro-

2063 1580 2362 1646 ﬁcisci,uisi
2390 1579 2581 1633 litteris
2605 1573 2969 1644 imperatoriis
2986 1579 3317 1634 accersatur,
3336 1568 3657 1635 episcopus,-

2064 1677 2204 1745 apud
2234 1686 2391 1740 quem
2426 1666 2662 1731 dirertit,
2694 1666 2761 1719 ab
2787 1665 3046 1734 episcopo
3078 1669 3387 1715 transeunte
3422 1672 3641 1712 causam

392 1745 517 1797 σθαι
546 1743 647 1813 τῆς
682 1743 925 1812 παρόδου
956 1742 1108 1810 παρὰ
1128 1742 1223 1792 τοῦ
1252 1740 1574 1802 ἐπισκόπου,
1614 1756 1672 1791 εν
1703 1733 1746 1805 ᾧ
1794 1753 1961 1790 κατα-

2068 1767 2263 1821 itineris
2308 1773 2549 1830 qutcrere
2580 1758 2778 1823 debet;
2812 1764 2864 1808 et
2890 1756 2933 1809 si
2970 1769 3089 1808 eum
3118 1752 3385 1805 invenerit
3408 1763 3473 1802 eo
3496 1760 3648 1801 more

390 1837 543 1889 λύσει
566 1854 580 1869 °
617 1837 711 1890 καὶ
731 1837 778 1888 εί
810 1837 908 1903 μὲν
934 1833 1160 1903 εὑρήσει
1212 1832 1375 1884 αὐτὸν
1419 1831 1847 1901 τοιουτοτρόπως
1881 1830 1962 1894 είς

388 1931 447 1982 τὸ
500 1927 867 1999 στρατόπεδον
918 1925 1316 1995 ἀπερχόμενον,
1390 1924 1534 1976 κατὰ
1592 1922 1760 1992 μηδὲν
1813 1920 1961 1990 αύτῴ

388 2022 645 2093 ἐμποδὼν
674 2019 948 2089 γίνεσθαι,
974 2017 1112 2072 ἀλλά
1142 2017 1237 2071 καὶ
1272 2017 1411 2086 μετὰ
1433 2012 1599 2086 τιμῆς
1650 2014 1960 2082 ἐκπέμπειν

389 2114 572 2177 αὐτὸν,
604 2115 700 2163 καὶ
722 2112 958 2179 γράφειν
990 2112 1101 2171 τοῖς
1133 2109 1190 2159 ἐν
1232 2108 1471 2176 ἐπαρχίᾳ
1522 2107 1613 2159 καὶ
1651 2107 1762 2167 τοῖς
1800 2122 1963 2158 συνα-

389 2204 604 2270 δέλφοις
632 2200 799 2254 αὑτοῦ
832 2201 997 2252 πᾶσιν
1029 2188 1388 2268 ὑποδέχεσθαι
1413 2195 1577 2249 αὑτὸν
1605 2193 1959 2274 ἀδιακρίτως,

391 2296 465 2356 ὡς
489 2296 588 2364 τὴν
608 2293 837 2364 πορείαν
868 2290 1195 2361 ποιούμενον
1228 2287 1527 2352 κανονικῶς
1555 2304 1615 2339 τε
1646 2289 1739 2340 καὶ
1761 2287 1965 2339 ἀσκαν-

391 2391 642 2457 δέιλιστον
666 2404 681 2419 ο
709 2388 757 2438 εί
791 2386 837 2439 δ’
868 2384 1042 2447 ἄλλως
1094 2383 1319 2453 εὑρήσει
1352 2379 1540 2433 τοῦτον
1584 2380 1663 2442 εἰς
1689 2379 1751 2431 τὸ
1797 2394 1966 2448 στρασ-

392 2480 619 2535 τόπεδον
676 2476 1098 2546 ἀφικνούμενον,
1150 2474 1258 2545 ἣδί
1285 2472 1572 2537 ἐπίδειξιν,
1606 2472 1639 2542 ἢ
1687 2471 1775 2526 διά
1802 2488 1967 2524 τινων

394 2572 674 2640 ἀξιώσεις,
740 2570 815 2640 μὴ
857 2571 1170 2640 ἀνηκουσας
1229 2565 1403 2635 αὐτῷ,
1454 2564 1528 2626 ὼς
1583 2564 1853 2632 ἀρχιερεῖ,
1889 2561 1966 2631 μὴ

397 2665 676 2720 κοινωνεῖν
693 2659 914 2733 αὑτῷ,ἢ
945 2663 1058 2721 τοῖς
1090 2658 1418 2729 γράμμασιν
1439 2653 1602 2709 αὐτοῦ
1623 2653 1964 2724 ὑπογράφειν

395 2771 428 2837 ἢ
459 2757 712 2829 προνοίας
733 2755 889 2817 τινος
918 2752 1054 2816 ὅλως
1078 2751 1240 2806 αὑτὸν
1258 2749 1465 2817 ἀξιοῦν.

2068 1858 2134 1912 ad
2165 1865 2341 1910 castra
2373 1852 2824 1924 proﬁciscentem,
2874 1846 3008 1901 nihil
3035 1844 3084 1899 ci
3116 1841 3483 1911 impedimenti
3521 1841 3635 1903 ﬁat,

2066 1949 2163 2002 sed
2189 1962 2313 2000 cum
2345 1945 2550 1999 hanore
2579 1956 2700 1996 eum
2727 1937 3146 1998 transmittat,et
3179 1933 3244 1987 ad
3280 1947 3372 1987 eos
3407 1931 3496 2000 qui
3521 1935 3647 1982 sunt

2070 2039 2124 2093 in
2164 2035 2440 2107 provincia
2470 2046 2764 2102 omnesque
2793 2030 2990 2083 l’ratres
3021 2042 3149 2081 suos
3178 2024 3398 2086 scribat,
3434 2029 3491 2075 ut
3520 2034 3645 2074 cum

2069 2133 2281 2186 sincere
2304 2128 2595 2197 excipiant,
2630 2133 2689 2179 ut
2720 2125 2810 2193 qui
2838 2124 2942 2176 iter
2972 2118 3136 2175 faciat
3161 2116 3417 2172 canonice
3450 2121 3503 2167 et
3529 2114 3648 2167 sine

2080 2223 2360 2279 seandalo.
2395 2220 2547 2286 Quod
2598 2219 2643 2274 si
2674 2233 2798 2272 eum
2834 2214 3098 2271 invenerit
3144 2212 3300 2265 aliter
3351 2208 3418 2263 ad
3470 2214 3648 2261 castra

2078 2318 2396 2378 abeuntem,
2430 2310 2512 2365 vel
2542 2308 2926 2365 ostentationis
2959 2305 3155 2373 gratia,
3191 2303 3270 2356 vel
3303 2309 3522 2371 propter
3551 2297 3650 2350 ali-

2074 2421 2305 2477 quorum
2342 2418 2557 2475 preces,
2589 2415 2711 2471 qua:
2760 2400 2827 2453 ad
2861 2401 3035 2466 ipsum
3066 2404 3120 2448 ut
3170 2393 3504 2447 sacerdotem
3533 2403 3646 2442 non

2078 2499 2374 2572 pertinent,
2406 2496 2454 2549 ei
2483 2508 2550 2549 ne
2599 2490 2982 2553 communicet,
3022 2494 3117 2541 aut
3153 2484 3347 2539 litteris
3378 2482 3495 2551 ejus
3517 2481 3646 2534 sub-

2077 2592 2306 2656 scribat,
2342 2596 2433 2642 aut
2462 2584 2775 2657 provisione
2813 2581 2989 2651 aliqua
3024 2581 3197 2651 ipsum
3232 2579 3498 2648 dignetur.
